Date,Car_Model,Units_Sold,Unit_Price,Revenue,Marketing_Spend,Discount_Percentage,Cost_of_Goods_Sold,Operating_Expenses,Profit_Margin
1/1/2022,Celerio,549,1282599.48,314711070.7,484828.35,13.16,188643882.7,1173665.66,1036.52
1/2/2022,Baleno,164,540319.39,596812193.4,660682.5,1.61,195548096.1,796924.67,-5332.75
1/3/2022,Swift,856,995065.43,154912989.7,147885.27,0.57,49279394.38,631021.98,-1023.63
1/4/2022,Ertiga,50,859961.24,511577038.4,909240.57,3.13,233210076.5,1576591.8,9043.47
1/5/2022,Baleno,602,803806.54,190770350.6,590174,4.29,143121691.8,1841930.4,4984.98
1/6/2022,Alto,734,1367656.46,282557040.6,791321.34,1.69,155783001,1905158.1,-3147.81
1/7/2022,Baleno,649,824833.55,274536092.8,804719.14,0.99,174145634,1426998.09,15778.61
1/8/2022,Ertiga,531,390412.94,233119475,293656.5,11.33,225036153,579161.87,-5167.94
1/9/2022,Baleno,659,1435966.47,235025595.8,552715.73,2.46,184394486.5,1611293.94,7357.36
1/10/2022,Ignis,649,1404642.28,249608590.5,962455.76,13.71,63074847.51,665142.96,1420.17
1/11/2022,S-Presso,812,1121319.23,269916280.5,135152.82,5.52,124211343.3,1504622.18,9453.24
1/12/2022,Dzire,559,861471.03,191499811.9,698897.4,10.06,54125039.88,1669048.75,-3578.74
1/13/2022,Swift,384,411431.37,167645591.3,964150.87,3.38,48047166.99,1588797.07,2057.6
1/14/2022,Ignis,514,1248897.74,119308273.8,335548.25,3.6,107642226.5,1927825.71,1190.18
1/15/2022,Dzire,190,390573.5,200973667.1,868375.53,8.62,32329575.95,1607219.43,3131.06
1/16/2022,S-Presso,632,382321.18,20092130.46,936974.67,8.41,35679649.2,1539814.67,-1631.11
1/17/2022,Ignis,186,944860.61,272468497.2,759731.9,11.53,81158809.16,892614.76,-2754.6
1/18/2022,WagonR,660,492153.89,363275395.8,269761.9,11.37,166976901.1,1887153.03,-5138.37
1/19/2022,Ignis,712,309276.32,285388993.1,367300.68,10.06,208188422.9,769315.81,14767.29
1/20/2022,Alto,999,807736.12,418563622,84018.83,6.74,210933961.7,1857344.92,9243.43
1/21/2022,Ertiga,736,464660.68,119670516.9,839880.57,13.36,309446789.9,968993.82,9900.62
1/22/2022,Swift,216,492618.5,3003961.91,857130.63,9.34,4792832.92,695245.39,-5147.97
1/23/2022,Celerio,392,392292.77,396089281.9,651074.79,14.85,436671797.3,1740024.54,31909.47
1/24/2022,Dzire,459,546112.5,123671252.6,384901.46,12.29,283174170.1,503743.18,9769.84
1/25/2022,Baleno,818,1158581.02,342379302,122970.48,0.66,125223299.9,1748132.48,5198.79
1/26/2022,Swift,959,1270712.77,110463250.8,765404.73,4.81,105528508.8,893467.76,9876.57
1/27/2022,Celerio,785,843040.37,342543081.7,740199.88,8.58,369304200.2,1827081.91,9940.51
1/28/2022,S-Presso,929,907864.58,4480381.87,916972.4,10.82,7933485.06,1537218.77,-6027.8
1/29/2022,Ignis,891,339186.04,365024491.2,744005.42,8.26,301450727,1499275,5850.18
1/30/2022,Celerio,114,383179.51,309182466.2,837260.2,11.79,218253925.5,1047979.34,9872.78
1/31/2022,Grand Vitara,630,609081.27,62585790.13,758656.89,4.24,67074895.49,589104.46,6230.03
2/1/2022,WagonR,116,952678.1,124280394.3,649152.83,2.76,137855995.8,1745109.65,-4940.03
2/2/2022,Swift,482,1187461.38,167029939.7,455618.07,0.81,148918206.8,756355.69,-1553.36
2/3/2022,Swift,99,1026003.67,16366963.68,907011.44,8.6,6611817.35,1058387.96,-3543.84
2/4/2022,Swift,363,770553.43,245060518.7,668420.14,10.33,311850671.4,1400532.03,22557.52
2/5/2022,Grand Vitara,358,441988.89,112540793.5,428437.56,4.89,43262159.32,1223380.61,-198.74
2/6/2022,Ertiga,652,1236927.88,243503700.1,129295.83,9.2,136964758.3,797990.95,6051.12
2/7/2022,S-Presso,164,736543.26,48766498.93,326169.61,0.78,37382679.52,710924.54,-7063.03
2/8/2022,Ertiga,935,1183264.82,79078173.06,566540.4,1.49,48382773.31,684869.41,-4725.85
2/9/2022,Swift,618,915574.61,318706839.1,311853.6,10.53,99658393.98,1794511.82,-5281.91
2/10/2022,WagonR,391,1186394.46,182814174.8,260173.58,5.52,108109751.4,547339.32,3164.9
2/11/2022,Baleno,579,1388747.47,553062046.7,551023.84,10.07,412353536,1965521.39,13246.68
2/12/2022,Grand Vitara,833,1405235.42,134949906.7,211329.33,12.48,210941235.9,797793.04,-2811.01
2/13/2022,WagonR,691,942128.14,298576292.4,810389.56,12.79,229799359.8,665483.45,11211.4
2/14/2022,Dzire,544,913810.04,489266566.5,510149.74,2.58,362405726,1365457.48,30256.48
2/15/2022,S-Presso,318,618814.16,50758533.57,595169.64,7.29,35213918.25,619978.94,-4290.53
2/16/2022,Ignis,990,1422959.8,134902183.1,190014.1,11.01,72210211.35,1403679.89,-65.45
2/17/2022,Grand Vitara,129,849503,463621819.2,358347.52,11.61,90642570.73,1775939.97,8594.75
2/18/2022,Swift,505,453109.49,152853231.3,439585.2,11.77,64649992.42,571847.03,-1315.42
2/19/2022,Celerio,348,819245.9,386340024.8,817802.19,3.42,58897766.44,1699802.91,11454.23
2/20/2022,Baleno,871,452463.9,228278893.8,781651.55,2.89,249399562,1091716.16,4872.35
2/21/2022,Ignis,251,903038.02,160696638.2,261828.6,8.85,153272414.5,739235.95,13767.76
2/22/2022,XL6,552,973530.62,445720186.4,635370.13,11.12,191424750.6,764144.72,8904.76
2/23/2022,WagonR,786,705306.91,144248862.1,281283.54,4.79,157735720.5,1878146.82,-3206.59
2/24/2022,Baleno,720,385980.74,498155594.3,988834.8,1.57,285269775,665908.63,2189.3
2/25/2022,XL6,765,1432204.24,342835007.8,954517.68,10.75,246161257.2,1800174.18,7969.48
2/26/2022,Ertiga,698,1228023.74,178187834.1,585101.48,4.5,102748472.7,1316366.93,-2668.1
2/27/2022,XL6,534,1306657.3,436245132.4,713957.44,2.5,297424457.8,558584.27,13969.91
2/28/2022,Ignis,634,740242.07,196267327.9,811358.86,2.22,65202140.24,1196714.22,-4578.92
3/1/2022,S-Presso,609,1212997.24,236751753.1,734948.5,4.72,74696059.51,1726174.27,9396.83
3/2/2022,WagonR,67,882447.47,34521395.55,714837.26,8.89,28262614.88,1589304.18,-2162.07
3/3/2022,Baleno,527,541300.19,185562140.8,960626.31,5.38,55915619.63,1233173.63,1888.79
3/4/2022,XL6,537,449308.05,7536397.05,616633.3,0.31,9368674.62,1790074.82,-4742.87
3/5/2022,WagonR,828,714061.04,637188438.2,654487.54,1.45,351267989.2,680547.14,-905.56
3/6/2022,Baleno,495,465062.53,242276717.7,856805.31,4.36,123879950.7,1864911.58,-4504.23
3/7/2022,Baleno,389,1497922.77,469570867.1,686396.32,9.9,326183723.2,1769661.81,7695.75
3/8/2022,Ignis,580,359026.79,316493925.4,746285.99,1.48,61403791.18,1562415.24,12408.78
3/9/2022,WagonR,661,829372.32,27958780.44,272460.25,8.41,18430194.19,1726831.61,-7625.42
3/10/2022,Ignis,165,842512.23,91171673.08,402703.58,1.8,56456315.77,1315723.26,1953.14
3/11/2022,XL6,907,660758.31,233725331.5,189936.28,3.17,180003195.3,1512743.64,7237.08
3/12/2022,Dzire,123,985621.88,124537361.7,530477.17,2.58,91428369.32,1340897.11,-485.11
3/13/2022,S-Presso,841,479972.43,368580285.8,482941.03,1.01,386101090.6,1033142.8,1763.89
3/14/2022,Dzire,318,1240694.86,7347811.46,997304.67,10.07,5042682.77,1353291.2,-4941.94
3/15/2022,Alto,686,698937.26,154756146.3,630648.22,6.95,94803442.32,886198,-4765.3
3/16/2022,Swift,165,1009611.11,72007824.09,797122.58,12.47,38501011.95,1160418.76,-6466.94
3/17/2022,Grand Vitara,735,1158767.08,280474590.5,367313.94,1.48,161296936.9,921163.11,14360.66
3/18/2022,Dzire,742,1366850.54,262379747.3,839968.06,2.17,115006051.9,684331.68,17815.49
3/19/2022,Ertiga,787,1302944.92,92756444.24,634330.72,4.6,39369452.23,982792.78,-314.87
3/20/2022,S-Presso,718,1029970.83,197136775.8,712142.72,11.49,122125043.2,1777980.83,-4267.42
3/21/2022,Swift,213,766071.82,29642187.9,329709.24,4.59,49862679.54,1071621.16,-5885.43
3/22/2022,XL6,632,903845.6,170552559.3,571206.47,6.13,143580266.4,1622005.47,2370.38
3/23/2022,Ignis,271,1222481.75,207176172.3,652335.12,4.52,138341640.4,762796.78,3303.06
3/24/2022,Ertiga,175,1353054.65,103855355.4,609639.94,1.2,113608513.6,1136628.74,14199.34
3/25/2022,Swift,706,424538.31,225796085,919434.03,14.09,88768915.64,672284.1,22531.92
3/26/2022,Swift,225,761827.51,179476942.4,903359.03,8.23,484981110.6,707931.6,15686.31
3/27/2022,Baleno,713,1231339.92,375029470.5,972434.85,11.82,98175866.88,1426154.57,1681.65
3/28/2022,Alto,743,817982.12,170677344.2,684056.61,9.88,178593888.2,1411222.73,23044.85
3/29/2022,Ignis,424,698673.32,203980300,973318.42,7.71,342387878,820057.86,18506
3/30/2022,XL6,908,793587.24,120152060,840854.1,1.35,171161066.8,1211634.79,17294.56
3/31/2022,Grand Vitara,547,1023413.7,129651440.6,307290.53,9.64,106435867.6,1794959.25,6217.4
4/1/2022,WagonR,134,1499766.17,94437903.79,456063.89,2.33,77122433.43,761302.26,-3015.62
4/2/2022,Dzire,925,891590.91,422127309.8,276472.82,6.22,125273201.2,528815.8,497.81
4/3/2022,S-Presso,432,550193.37,211355286.8,53987.3,9.44,52225055.66,1477992.71,5517.63
4/4/2022,Alto,682,495415.89,175586838.1,228646.32,11.73,31411104.08,580247.31,-2383.14
4/5/2022,Baleno,690,350819.7,190508020.2,53857.56,10.28,77632061.39,1969910.36,4007.96
4/6/2022,Baleno,512,970580.68,212181384,733846.54,10.07,350803192.4,1414430.43,5466.73
4/7/2022,Swift,500,953486.51,57463642.79,454257.58,2.24,62196106.9,1205594.53,-2886.41
4/8/2022,Celerio,567,546280.71,44650605.74,346945.99,5.19,78098691.86,1144988.81,-2679.28
4/9/2022,Dzire,895,1134395.29,350502010.2,773634.85,0.64,102372691.6,1359605.99,4786.89
4/10/2022,Alto,744,1189328.45,170398125.4,840862.44,10.79,210951093.1,635936.66,-1354.98
4/11/2022,Swift,599,610917.85,397862304.9,976534.56,14.29,360115603.7,1895028.59,13633
4/12/2022,Alto,978,712919.72,85435448.21,659912.91,3.96,38650747.49,1438463.1,1699.73
4/13/2022,Ertiga,165,1488566.01,132046051.7,488452.51,1.32,197654828.6,775967.75,8196.61
4/14/2022,Ignis,663,749117.36,345417855.4,340001.09,7.13,136172868.9,1343871.58,7692.44
4/15/2022,Grand Vitara,57,1212962.01,559366860.8,261202.3,12.85,402679408.6,699884.76,4284.61
4/16/2022,S-Presso,267,843270.51,43042798.59,252279.65,8.28,14995369.47,526329.08,72.94
4/17/2022,Dzire,768,1252013.79,272240665.4,438729.91,0.7,130016523.7,1445775.48,13668.12
4/18/2022,Baleno,639,1222827.89,228686914.6,992197.04,14.61,136218262.1,1472725.01,-4599.03
4/19/2022,Celerio,929,1101307.23,150442410.6,50811.01,12.43,115919571.4,1375544.87,-140.87
4/20/2022,XL6,453,1325734.02,512440815.1,237345.6,1.97,136986520,775224.81,-351.98
4/21/2022,WagonR,616,1427062.19,128158867,228973.33,13.83,196637709,1405144.79,9710.08
4/22/2022,Ignis,353,995979.98,23330819.46,731263.51,6.76,6154617.92,584766.41,-4466.25
4/23/2022,Dzire,516,584962.69,514439873.6,384860.49,5.58,116189880.9,1413857.53,6839.52
4/24/2022,Ertiga,789,778354.75,172821547.6,484397.76,6.92,151514355.4,1331025.53,4598.25
4/25/2022,Dzire,137,1209966.86,498879045,191192.92,12.52,286374882,1482882.25,-1150.74
4/26/2022,XL6,59,1081060.18,398456224.9,434747.19,9.89,261551403.9,1843213.41,5829.31
4/27/2022,Grand Vitara,357,513358.01,309705616.2,148039.82,0.89,181812948.8,1775537.16,10231.13
4/28/2022,S-Presso,483,361487.45,117621624.2,556391.12,14.36,33695668.46,1970981.29,-2501.25
4/29/2022,S-Presso,851,1119553.91,288486396.3,143041.45,2.22,227211584.8,1964361.55,11724.44
4/30/2022,Alto,213,601294.83,112479148.1,800982.96,11.18,36699329.4,1658479.54,-451.49
5/1/2022,Swift,288,899604.29,117127270.1,588271.63,9.54,59552988.97,1934629.43,-6055.06
5/2/2022,S-Presso,366,1196096.13,10965532.26,737769.48,2.81,18314043.16,1800925.83,-2920.87
5/3/2022,Celerio,705,975200.14,217688291.4,447590.57,2.56,57618710.29,1591373.67,3454.28
5/4/2022,WagonR,384,399963.1,76982435.35,412416.73,13.05,141308502.6,613076.38,-2213.51
5/5/2022,Ertiga,67,522696.28,466543644.3,143298.44,6.3,204519067.2,573574.83,18466.49
5/6/2022,Grand Vitara,120,563193.82,251912826.4,547662.83,9.82,279522854.6,1756399.35,-1979.17
5/7/2022,XL6,224,609437.1,268586783.4,538777.06,7.56,222125146,1234483.79,4283.98
5/8/2022,Baleno,903,978484.07,489522939.8,494696.94,10.91,135439131.5,1721910.03,17993.22
5/9/2022,S-Presso,849,904758.94,50159139.88,753492.45,7.19,51452469.97,969377.41,-2293.87
5/10/2022,Grand Vitara,860,543792.05,76478975.46,840879.18,4.31,62525571.11,1096474.79,3599.77
5/11/2022,Baleno,388,381065.81,232488183.1,763250.19,5.45,102604945.3,1550280.08,2405.85
5/12/2022,Grand Vitara,985,505718.65,198689017.7,186672.46,12.89,250390843.1,1872990.11,-3194.19
5/13/2022,S-Presso,297,1481257.58,261733714.8,640956.53,7.02,369346877.2,631642.21,3837.11
5/14/2022,Grand Vitara,242,862256.34,148283158.9,126306.95,3.2,71446980.57,1792217.22,-533.31
5/15/2022,Grand Vitara,468,1340814.61,60653374.28,709891.17,14.02,32211226.14,1689519.09,-2220.89
5/16/2022,Celerio,374,1318502.96,662652220.7,412747.14,11.95,257107922.8,973308.91,-6670.03
5/17/2022,Baleno,355,913823.47,465800238.2,175874.01,0.83,147170995.7,1032824.92,-6413.93
5/18/2022,Swift,829,1148025.25,299249929.8,868948.31,14.98,391978500.3,569692.22,23312.44
5/19/2022,Ertiga,253,531302.41,315116327.7,633307.92,10.42,468096719.7,523610.92,-5157.58
5/20/2022,WagonR,902,1126076.05,38918624.4,386988.72,2.4,40027203.01,1215509.19,-1724.99
5/21/2022,Celerio,172,626861.5,80360698.2,79190.82,3.56,26793944.58,643309.47,-7625.9
5/22/2022,Swift,619,1298474.52,121585383.6,560444.75,10.39,88954656.51,791002.72,377.22
5/23/2022,WagonR,900,400468.96,97428865.29,927064.58,11.7,51096227.26,1770150.8,-317.59
5/24/2022,Swift,496,1227766.41,27838526.02,616560.84,3.59,30061411.83,1356542.59,-6720.29
5/25/2022,Swift,762,419924.29,108058439.9,973068.07,3.85,101763885.2,1450448.66,1511.37
5/26/2022,Swift,540,1357427.08,465016498.2,179628.56,4.61,149361731.5,781219,11233.25
5/27/2022,Alto,482,665045.42,117516701.6,589889.85,8.97,84408069.05,1742992.71,-7778.88
5/28/2022,WagonR,673,1085272.04,289051515.3,808218.8,2.58,377572555.9,1801969.66,8596.44
5/29/2022,Swift,177,885002.73,544969704,549263.69,1.56,372155228.7,1284991.39,10778.63
5/30/2022,Ignis,597,739563.77,385783098.7,136513.04,10.18,277524949.1,1868836.66,-1212.75
5/31/2022,Ignis,795,1074530.2,62173654.91,603741.7,11.69,20636684.32,1767242.94,-3753.84
6/1/2022,Grand Vitara,871,1437027.58,128883771.7,631151.01,7.51,60570275.65,1596986.27,-3619.2
6/2/2022,Grand Vitara,96,349523.7,401447254.1,742273.79,5.46,154888703.5,1601113.87,415.1
6/3/2022,S-Presso,554,1402623.43,181961659.7,773150.94,6.48,180190904.4,658090.21,23703.75
6/4/2022,Ertiga,164,1030897.99,184286816.9,782234.05,5.83,181623160,906254.06,2218.24
6/5/2022,Baleno,465,1268777.16,259941380.2,680272.17,14.4,217871336.8,600270.83,11489.53
6/6/2022,S-Presso,816,760649.94,166844490.2,255020.63,11.52,52373052.32,513021.81,6050.94
6/7/2022,Alto,272,866211.57,393417759.2,434023.97,3.12,171758259.6,737464.3,21472.03
6/8/2022,Ignis,685,1342620.9,341208904.9,787323.47,5.76,50988147.06,1820730.77,-4909.85
6/9/2022,WagonR,998,797817.56,166126319.7,955755.63,8.16,305445826.5,859811.09,13824.57
6/10/2022,Ertiga,552,941591.48,130545711.7,124999.62,9.19,110445717.2,1955230.94,-4589.23
6/11/2022,Ertiga,721,324233.91,127414378.9,558759.84,7.02,60033049.86,1395936.5,6650.53
6/12/2022,Grand Vitara,982,490317.61,186718360.1,346896.16,12.15,132163446.5,855887.73,-631.86
6/13/2022,Baleno,145,1070023.81,593200962.8,264124.2,11.51,88765579,1245696.21,-5475
6/14/2022,WagonR,156,1160372.28,316548010.6,530520.15,7.58,243252603.2,828642.23,17349.52
6/15/2022,Grand Vitara,681,999121.12,161853508.1,625784.87,12.82,312836802.4,1975960.34,-1572.4
6/16/2022,XL6,662,471972.04,458428478.4,59283.62,11.27,306386991.6,1770897.48,6785.82
6/17/2022,Baleno,664,834486.51,72740455.72,791196.24,11.68,14555398.94,539358.18,59.73
6/18/2022,Ertiga,727,726113.72,89249414.01,828888.02,14.35,113791249.1,1921664.05,171.19
6/19/2022,Alto,975,894793.61,346681798.1,967235.28,4,237429379.7,1581597.66,2291.75
6/20/2022,Celerio,747,1344394.84,701666173.7,221611.55,4.01,309626566.4,623571.88,3826.08
6/21/2022,Celerio,81,1231033.73,110514406.6,614824.93,13.33,66765987.74,1505956.62,3261.36
6/22/2022,Ignis,542,400787.4,19577469.87,455294.1,11.58,4717879.41,1470390.05,-5165.56
6/23/2022,Ertiga,115,1368371.04,10512259.3,368086.46,13.9,10393013.02,828183.12,-1489.14
6/24/2022,Alto,228,866120.58,145204050.3,587351.78,0.95,76487973.49,1637670.05,-6601.29
6/25/2022,Baleno,828,1192634.57,172134723.2,793263.94,9.42,170194986.2,630597.05,2511.18
6/26/2022,Alto,492,468047.08,12589955.41,71900.14,2.17,9939030.22,1234167.77,-5388.4
6/27/2022,Dzire,965,1104863.43,143113960.7,970930.11,7.56,280821114.7,514884.81,9397.01
6/28/2022,Baleno,598,583591.22,236473777.2,819387.51,2.34,110201594.7,1953106.23,8208.21
6/29/2022,Swift,250,826057.08,89212646.22,763596.02,1.92,50856061.56,1627345.45,1132.6
6/30/2022,Baleno,919,320235.44,36117114.5,772368.01,0.18,11847189.8,738278.11,-6110.7
7/1/2022,Ignis,98,481932.77,184982728.7,419607.67,9.45,42792092.37,1012511.06,-3666.05
7/2/2022,Grand Vitara,836,410496.59,359569838.1,764039.52,5.39,220939017.5,740843.57,4315.81
7/3/2022,Celerio,729,587693.01,80410806.13,417431.7,1.58,87693288.99,1649926.2,-3323.59
7/4/2022,Baleno,312,420021.71,80547568.04,903771.49,4.84,68832896.3,588344.49,-2630.37
7/5/2022,Grand Vitara,182,1130292.03,117097750.4,218361.26,2.53,59396751.76,1760609.98,-5105.75
7/6/2022,Swift,859,334847.88,361663941.1,327730.05,14.13,308967144.2,1913294.51,-16.82
7/7/2022,Dzire,393,1041288.6,445598399.6,573770.67,4.8,141514877.5,1514941.91,7016.35
7/8/2022,Alto,225,468849.4,367428060.2,353250.48,5.01,217366086.3,819448.18,-1480.11
7/9/2022,WagonR,440,1434193.75,358393048.3,453025.38,12.6,149870138.1,1040135.14,12949.72
7/10/2022,Celerio,60,1419712.89,144534675.1,517801.55,9.72,308644545.7,1215859.81,9672.24
7/11/2022,Alto,250,570603.72,85636624.83,863535.68,10.65,26015669.21,1406937.16,-5679.85
7/12/2022,Dzire,994,1037305.56,96484952.15,547032.64,9.54,15360676.37,1502994.63,-4998.18
7/13/2022,WagonR,975,333606.38,605291598.8,394336.86,14.19,286352877.6,1331322.07,17069.45
7/14/2022,Ertiga,858,1418146.25,637630296.7,285349.36,3.11,406363569.1,1026970.88,1962.72
7/15/2022,S-Presso,52,927584.77,112396130,438242.18,14.84,121004634.7,1836375.92,9974.03
7/16/2022,Ignis,263,351867.78,392215854.8,539949.3,12.46,327229579.7,622088.09,-1170.81
7/17/2022,Alto,857,710999.99,80722711.93,758809.11,8.83,70870326.49,1199384.08,1728.25
7/18/2022,Grand Vitara,356,392219.35,336920437,164996.34,9.94,206292516.4,1663347.26,9952.85
7/19/2022,XL6,593,771533.33,50361185.51,260528.73,9.73,79795533.91,591309,2135.33
7/20/2022,WagonR,609,1103911.61,533606553.8,410671.32,0.88,345431886.2,1558002.83,-252.08
7/21/2022,Ertiga,376,863867.89,644256504.9,392378.48,3.27,175840601,1729567.43,8462.53
7/22/2022,XL6,813,760466.61,188069055,422160.68,14.42,105034582.1,1491246.95,3802.25
7/23/2022,S-Presso,248,442988.45,3819095,803845.2,8.02,2273883.52,519405.34,-8297.84
7/24/2022,S-Presso,965,593926.85,57218013.81,357946.68,5.68,68532080.47,770205.54,-6422.81
7/25/2022,Celerio,650,420171.95,264442198.4,526803.27,11.43,214300187.2,1013169.62,-751.96
7/26/2022,XL6,158,1268998.48,288087594.6,642711.68,7.87,203322745.7,850535.05,8793.41
7/27/2022,Celerio,340,462287.79,161407768.9,270569.62,0.2,57950527.31,1943978.21,-1755.49
7/28/2022,Celerio,157,1014448.04,180150040.1,732760.62,11.04,144791887.4,1477390.87,-2395.31
7/29/2022,Celerio,457,711288.5,242909860.2,569755.75,10.98,138379679,945456.44,-6158.47
7/30/2022,Celerio,601,571174.06,223394984,474442.1,2.48,144522615.9,1894546.25,9853.67
7/31/2022,Ertiga,101,1067362.13,64597552.53,819294.83,14.35,161732655.2,1610891.3,12.84
8/1/2022,Ignis,161,848402.77,353158423.8,281320.5,3.36,147512926,926910.82,3498.88
8/2/2022,Baleno,344,780174.56,335020947.4,889017.17,6.87,236988236.8,1068322.35,6135.23
8/3/2022,Ertiga,629,1011422.41,676272094.2,582996.3,1.72,121637626.9,799143.29,-2845.14
8/4/2022,Dzire,238,889521.15,198413814,628716.14,9.05,72010127.81,1956611,262.28
8/5/2022,Celerio,893,664181.05,165907162.1,881306.02,5.63,75384138.32,1275944.74,-1330.27
8/6/2022,WagonR,770,970873.55,144040976,826703.55,5.3,233581531.7,1844085.03,18167.96
8/7/2022,WagonR,114,1103398.29,365038777.2,621483.97,12.4,335542501.5,1019749.66,13637.9
8/8/2022,XL6,623,332031.79,116887635.3,765528.32,0.14,93746045.42,1791262.4,-6046.26
8/9/2022,Grand Vitara,514,859046.07,471470952.8,461653.52,11.97,336525829.9,580830.27,14698.05
8/10/2022,XL6,307,369219.94,423550358,570008.87,8.57,156557757.6,1973135.48,-272.01
8/11/2022,Dzire,695,523686.5,139455553.3,108966.63,14.79,236978322.4,1868051.55,13443.3
8/12/2022,Grand Vitara,683,972610.48,126461122.9,135365.02,8.84,64626651.49,1044804.42,1460.5
8/13/2022,Ertiga,380,1339426.7,620100696.1,837954.13,0.83,213456122.4,1662083.25,2400.39
8/14/2022,Grand Vitara,550,1359366.82,191841089.7,106688.07,0.76,373817907.4,1628386.89,8939.37
8/15/2022,WagonR,732,383932.81,560951868.7,210929.17,13.25,84007964.43,1851882.2,13067.84
8/16/2022,Swift,259,802926.1,119110382.1,806041.03,12.62,58313969.23,960882.47,-994.26
8/17/2022,Swift,857,999607.78,136384048.7,51088.65,5.19,104513576.9,1198280.01,-4703.48
8/18/2022,Baleno,138,476483.89,234303390.8,318284.11,9.27,237864358,1797499.42,14515.49
8/19/2022,Swift,728,1218518.66,134440077.3,604836.72,7.34,45204730.02,1667869.18,1889.83
8/20/2022,Alto,77,1193082.31,29526324.1,615677.43,14.51,42037331.85,1090200.08,-811.28
8/21/2022,Celerio,287,1384009.22,362507656.9,788295.26,14.25,373341942.8,1768587.85,767.15
8/22/2022,Dzire,385,310183.21,108216427.6,530629.94,14.76,93799910.85,570431.06,-311.23
8/23/2022,XL6,112,560021.09,192852651.8,533931.78,13,144666920.2,1673069.45,-3092.77
8/24/2022,Alto,816,1292624.06,147225788.1,739045.05,13.64,40587801.65,810148.79,-83.15
8/25/2022,Ignis,957,1104696.06,143581804.1,523693.24,3.26,136589196.6,929181.36,2688.65
8/26/2022,Celerio,602,1373267.82,216919046.6,628066.53,12.47,183759698.8,1239822.27,-4947.71
8/27/2022,WagonR,549,368615.59,326353031.2,902885.36,10.63,121525789.5,1174601.75,-5495.46
8/28/2022,Celerio,590,1016356.76,587178292.2,431378.46,14.44,267946809,1280855.16,5701.17
8/29/2022,XL6,840,982855.89,583424805.3,415868.82,8.57,262308750.6,1317163.39,-2256.17
8/30/2022,S-Presso,518,342809.3,33651948.22,53371.54,1.28,41735028.04,997291.54,-4712.49
8/31/2022,Grand Vitara,641,916226.49,191782171.9,632754.95,8.96,189913650.5,762841.27,3917.61
9/1/2022,Grand Vitara,100,1031424.37,176727940.9,78283.31,10.3,144948792.8,1652721.84,394.36
9/2/2022,S-Presso,161,529551.81,2838975.5,528941.07,3.3,4092246.67,1099964.22,-4499.93
9/3/2022,Alto,922,627995.5,543648879.6,814022.1,5.91,84619365.96,1258761.29,1920.35
9/4/2022,Ertiga,350,1068416.82,130421649.3,572425.02,8.98,260758819.5,1467045.08,15761.45
9/5/2022,WagonR,139,861961.14,247667200.8,306154.36,5.61,171715083.9,1864456.88,-3544.62
9/6/2022,XL6,278,1329616.39,133699754.6,796860,5.62,320413695.9,1561329.25,4633.82
9/7/2022,XL6,199,710858.12,50198846.62,306231.15,2,37243037.1,568188.84,-1358.14
9/8/2022,XL6,804,619991.59,141330024.1,746380.19,14.11,249692711,1757840.55,16134.47
9/9/2022,Grand Vitara,187,1481839.13,61544912.77,629745.53,11.26,133086477.5,1984032.52,11474.86
9/10/2022,Swift,184,1393362.92,188468749.1,211496.48,0.02,141848485.4,1208727.54,2603.86
9/11/2022,XL6,506,334791.29,210621377.2,909877.18,11.48,225224644.1,1954385.5,6158.73
9/12/2022,S-Presso,650,1224874.34,432865873.4,240611.5,11.1,115003388.5,1320993.11,21058.09
9/13/2022,Ignis,543,432401.73,100474639.3,990107.72,0.15,53349351.33,1189423.99,-1990.29
9/14/2022,Dzire,576,332982.23,69321587.79,56944.96,5.54,157302784.7,997107.15,9134.42
9/15/2022,Celerio,382,628434.62,407125597.2,300309.21,9.1,138021242,1486332.31,-4405.9
9/16/2022,Dzire,411,623215.05,103661572.2,239867.28,6.79,109994266.7,844730.63,4581.14
9/17/2022,S-Presso,223,1283182.51,63792183.6,63293.74,11.67,14826735.54,657401.33,-5190.82
9/18/2022,S-Presso,651,1152800.7,385724165.8,745749.51,6.38,200024547.6,540855.65,20670.49
9/19/2022,Ignis,262,1477931.31,34857948.18,708754.51,2.31,16345930.43,938570.17,-8124.77
9/20/2022,Baleno,392,1153815.48,160525451.2,802733.42,14.65,58390252.35,1093656.25,7860.68
9/21/2022,Alto,110,801906.66,245896726,293863.62,3.63,134350336.2,1328115.04,23375.42
9/22/2022,Swift,925,1138713.19,359509844.3,472118.41,10.77,134013159.8,939124.74,1101.63
9/23/2022,Ertiga,781,1499350.88,93593692.73,676157.85,2.15,98338529.41,1976089.36,2780.23
9/24/2022,XL6,110,1152170.26,244267202.3,467780.08,4.94,79729466.24,937617.75,5808.71
9/25/2022,XL6,868,1214017.63,25462854.58,712459.48,6.63,10096096.58,1161463.08,241.74
9/26/2022,Ignis,727,1426038.02,51915966.09,652274.74,2.88,9574440.1,654914.25,-940.84
9/27/2022,Baleno,573,436381.51,110792469,158915.41,6.75,236028685.3,890939.77,-6848.02
9/28/2022,XL6,265,1145741.15,95376608.07,791990.97,2.36,93992733.72,572498.21,-3208.3
9/29/2022,Swift,638,1320967.15,93705860.31,734642.54,8.39,84486325.54,1339262.95,2921.85
9/30/2022,Grand Vitara,793,1445254.32,196895990.7,673042.67,9.96,236266445.7,1626597.02,5060.92
10/1/2022,Alto,673,553163.15,110202316.6,197338.93,0.94,69290094.58,793564.72,2767.01
10/2/2022,Swift,627,904714.81,47418090.52,304596.63,13.07,101689558.4,1051866.41,-3572.83
10/3/2022,Baleno,743,1116665.82,631096998.7,423518.18,2.78,358233393.8,524924.34,8849.24
10/4/2022,S-Presso,472,596961.28,250980152.4,315933.14,3.38,65906814.08,1759283.08,1186.81
10/5/2022,Swift,765,1020567.44,169264998.5,266419.78,9.92,246395760.7,1669945.29,2432.41
10/6/2022,Dzire,472,609094.54,36645815.9,815089.79,7.03,45083897.65,594881.05,389.46
10/7/2022,Swift,420,700148.42,51178395.85,656320.63,7.49,14717361.51,1047301.41,-2073.93
10/8/2022,S-Presso,255,829822.44,105859916.7,587198.52,1.92,100794912.1,1932929.92,3057.38
10/9/2022,XL6,335,935028.12,452872802.5,264655.08,12.09,229493827.6,1088040.58,-4084.83
10/10/2022,Celerio,154,839239.05,222491056.8,922172.73,9.26,58925826.01,1289313.02,3867.8
10/11/2022,Celerio,803,891834.62,278230807.4,231623.89,2.03,122304002.5,1032864.29,8678.12
10/12/2022,Celerio,796,658306.51,165226983.9,805203.39,5.61,306596725.2,1394197.08,8468.9
10/13/2022,XL6,737,490758.11,488021340.2,968339.03,12.16,346303798.8,1967235.31,13800.83
10/14/2022,Ignis,772,356819.97,513675802.6,740738.09,8.53,320904875,1996253.76,16151.14
10/15/2022,Alto,592,535174.47,338734365.1,993215.84,1.63,193123290.4,1662072.47,-4921.33
10/16/2022,Alto,796,998332.37,449595568.6,668498.56,5.59,281016416.1,1106466.65,24969.61
10/17/2022,XL6,291,1243338.54,31723633.53,256587.33,3.64,22563638.65,1241648.3,-4698.53
10/18/2022,Swift,540,503097.12,81845989.23,243628.52,7.76,28314314.7,1035096.99,2093.73
10/19/2022,Grand Vitara,714,430266.43,258767202,358336.07,12.65,114067343.2,1978361.94,6027.69
10/20/2022,Ertiga,757,1199148.43,626103115.9,56773.52,6.54,299106778.9,1561640.46,3465.8
10/21/2022,Alto,547,666190,335421968.6,697613.55,6.5,136649502.5,1173397.17,15858.81
10/22/2022,Dzire,484,1441799.33,393062509.4,305234.4,13.58,276683544.8,518172.91,3200.16
10/23/2022,Dzire,830,1157181.56,89555277.7,824424.07,8.64,56795782.54,1280725.12,-5757.11
10/24/2022,WagonR,533,692107.26,126392007.1,391214.02,8.49,112564345.9,1975892.3,12798.73
10/25/2022,Grand Vitara,496,647451.3,179242350.2,505958.67,3.93,57285316.73,1284591.36,3162.38
10/26/2022,Dzire,433,928438.06,241088429.5,967404.47,9.12,246740748.1,773640.03,6003.96
10/27/2022,Alto,559,394973.6,169919053.5,280063.52,8.64,37076647.04,533140.62,3087.63
10/28/2022,Grand Vitara,219,441211.82,256093626.1,735191.39,5.95,164707569.3,1032055.64,6919.47
10/29/2022,Grand Vitara,999,511029.46,333707051,767361.9,14.86,138997050.5,1877342.08,16182.45
10/30/2022,Ertiga,918,1229668.31,454564204.9,259948.25,13.23,208546560,1994831.16,1320.48
10/31/2022,S-Presso,372,916628.83,279233652.7,525946.99,11.24,206996010.3,1918051.96,-36.85
11/1/2022,Celerio,897,312680.55,195932676.8,382691.83,8.06,159177310.6,1594129.99,7502.22
11/2/2022,Swift,523,1108219.83,526227547.2,783310.93,6.93,302413770.1,1337214.09,12742.62
11/3/2022,S-Presso,281,808428.21,283355440.2,641359.15,2.77,115368702.5,1386029.22,-542.41
11/4/2022,Ertiga,745,913022.84,183244088.6,502183.9,4.59,79264927.12,1308488.01,-3526.46
11/5/2022,Ignis,408,556939.49,99449592.37,790395.1,11.61,250606476.7,1560573.96,-5140.16
11/6/2022,Celerio,324,962138.67,155244341.1,273397.79,6.81,308072244.2,1128309.84,6751.27
11/7/2022,Grand Vitara,991,1474983.89,244343068.2,765940.79,13.23,166296231.7,1503806.01,14954.41
11/8/2022,WagonR,960,388133.63,77566382.39,872105.6,2.22,138891267.4,682418.17,-2082.81
11/9/2022,Ignis,81,640700.88,295953456.1,884690.52,7.63,203252863.9,898542.96,4530.48
11/10/2022,Alto,226,591597.11,472956048.2,794489.91,9.7,354985289.7,1754004.56,13696.86
11/11/2022,Grand Vitara,966,598259.17,267330026.2,437613.46,7.75,330158749.7,1855623.4,11147.01
11/12/2022,Ertiga,114,754447.63,140917841.4,982717.62,13.34,102525978.2,1308512.36,7848.48
11/13/2022,Celerio,759,1281731.74,124284725,410613.96,14.84,90458657.6,547453.43,2112.95
11/14/2022,Grand Vitara,76,1395430.43,55602362.27,656694.13,1.74,29226171,1890460.36,-1299.83
11/15/2022,Grand Vitara,712,542658.1,248374280.4,203020.47,1.95,270779648.2,1553096.39,3333.82
11/16/2022,WagonR,864,951539.93,351218718.3,981426.45,1.95,226543176.7,1121041.89,4684.86
11/17/2022,Swift,528,1064278.77,65483437.33,718786.63,10.22,74233940.13,1397568.41,-4859.78
11/18/2022,Grand Vitara,317,926192.97,191356282.8,765708.67,5.59,83854176.82,1144662.25,8943.43
11/19/2022,Swift,646,820891.67,380750199.6,112487.87,11,262255950,1198008.84,27806.74
11/20/2022,XL6,115,530370.61,226436520.1,775246.92,6.08,296006461.3,1830214.8,2568.62
11/21/2022,Alto,182,885863.23,88094215.29,785987.26,9.41,66855949.01,741626.37,1592.36
11/22/2022,Dzire,954,781457.79,305810171.6,688184.09,11.55,298493861.7,655503.7,-3494.32
11/23/2022,Ertiga,965,1254676.04,170885188.8,327314.13,8.22,214790578.4,504093.12,678.89
11/24/2022,WagonR,415,1216325.23,130347334.2,515205.54,8.09,151997017.9,971000.56,264.64
11/25/2022,WagonR,131,460798.42,148458406.5,154912.65,1.32,124970883.2,721120.65,12805.16
11/26/2022,Dzire,942,406222.86,191576920.1,498007.71,6.16,220898974.6,829978.24,3726.9
11/27/2022,Dzire,880,1389784.73,423877322.4,281632.66,8.19,257809590.3,516858.47,14245.69
11/28/2022,Ignis,377,942610.07,251538213,381642.14,6.93,72777221.88,840793.12,4100.57
11/29/2022,Celerio,147,1329361.12,148358199,204470.39,13.51,236950207.3,999067.37,12265.29
11/30/2022,Ignis,634,369781.34,101299239.8,268551.65,13.6,104832027.3,547351.24,-3881.73
12/1/2022,Baleno,376,931818.74,157075443.6,122740.21,12.33,81825880.72,1411856.19,18060.05
12/2/2022,Baleno,591,947311.82,159787332.4,923906.3,5.63,140716794.7,1353200.52,2954.28
12/3/2022,Alto,174,1332842.44,300971517.4,553890.15,10.76,106081281.1,645553.67,-5583.16
12/4/2022,XL6,259,417132,465238678.8,426904.87,5.93,207477931.6,1392514.67,3404.47
12/5/2022,Ertiga,833,588534.68,140043085.5,558277.75,3.49,199956414.9,1997980.88,-3090.61
12/6/2022,WagonR,774,787845.98,139848929.4,646878.57,5.14,79219767.92,1916703.43,-1263.81
12/7/2022,Grand Vitara,182,1339009.77,444925590.2,925784.85,1.06,285671260,504006.49,6855.08
12/8/2022,Celerio,552,1426659.98,509769663.4,219758.3,4.98,173302851.1,1693067.47,11624.35
12/9/2022,Swift,206,1491269.54,451118414.5,330774.87,6.91,300459910,1030407.91,11353.93
12/10/2022,Grand Vitara,608,1451032.18,158400826.3,976999.87,14.33,47417142.16,595477.06,2633.23
12/11/2022,Swift,918,307130.11,67972088.89,402633.34,4.7,11299954.48,943974.82,1751.07
12/12/2022,S-Presso,924,357250.01,95355675.61,71433.57,13.54,147262362.4,982604.77,-2419.31
12/13/2022,Dzire,431,477128.18,148775905.9,190261.32,3.43,222088121.9,1284866.36,9772.35
12/14/2022,Alto,71,718634.52,90181210.26,75021.77,2.86,112977011.4,1491625.65,11814.58
12/15/2022,S-Presso,644,1295901.64,133192734.6,990426.99,7.78,114584021.1,1623583.42,1955.18
12/16/2022,S-Presso,468,1371187.43,34199055.01,314927.31,10.09,14443778.48,868854.56,-3286.58
12/17/2022,XL6,521,524201.29,163064270.8,927365.62,0.66,298825081.5,982655.86,8828.28
12/18/2022,Ertiga,283,1043596.98,26608307.26,996091.96,3.32,15100575.43,962572.56,-4273.78
12/19/2022,WagonR,621,1400834.38,467538919,619849.16,6.84,225802370.7,1044105.3,22907.78
12/20/2022,Celerio,503,856478.08,179468409.4,81536.5,4.97,71032475.37,1999484.46,-3448.96
12/21/2022,Grand Vitara,749,424252.29,251838350.9,127512.05,10.69,109488651.7,1666914.95,2459.23
12/22/2022,Swift,619,849376.38,306049668.2,507509.6,7.67,131034890.3,1962485.7,-1141.59
12/23/2022,Swift,820,750953.88,66365522.54,435863.41,2.41,52270066.85,1539666.59,-5291.66
12/24/2022,Swift,211,993189.6,67671938.61,625868.44,13.42,21563365.12,1109406.05,-3708.03
12/25/2022,Baleno,350,826390.42,311178108.9,466905.42,4.39,133529857.1,1084616.28,-5919.88
12/26/2022,Ertiga,355,320815.11,171045507.9,937373.01,10.97,83362104.02,1232871.72,6838.8
12/27/2022,Alto,51,1492797.28,137278447.6,558002.73,11.7,406746559.2,1125304.68,39822.43
12/28/2022,Grand Vitara,320,952248.29,445331790.6,709039.76,14.45,256698281.1,1742489.37,13868.8
12/29/2022,Swift,470,868356.91,336576925.9,901661.01,7.48,227065014.5,1197503.02,-4677.7
12/30/2022,XL6,192,1445540.85,13160064.78,189528.28,9.24,10620069.13,943421.54,-7545.91
12/31/2022,Swift,749,487032.44,234914159.2,268247.92,5.02,235311136.5,1662290.4,6639.32
1/1/2023,Alto,913,527085.12,11120968.42,151952.73,10.17,11833055.92,1781630.61,-4920.65
1/2/2023,Baleno,902,1269617.7,25618887.76,182656.48,6.95,15729393.45,1130643.43,-5369.07
1/3/2023,XL6,785,612997.3,142701925,536954.77,6.56,156009144.4,1501712.86,13624.68
1/4/2023,S-Presso,928,1259072.53,440672305.8,355120.3,12.83,236236855.5,588206.8,11077.85
1/5/2023,Alto,741,625840.18,102260918.2,452014.2,0.75,131473813.3,1294197.28,2803.55
1/6/2023,S-Presso,584,339825.16,87130909.56,983365.34,13.23,201583631.5,567471.71,4656.89
1/7/2023,Dzire,916,920417.67,532110107.2,198869.13,12.78,285746986.9,543786.26,7617.92
1/8/2023,Ignis,86,536023.72,43908449.45,563771.47,7.6,61158016.73,1419387.28,-165.31
1/9/2023,Swift,156,1209415.55,33368633.04,143927.6,7.35,18264470.8,955003.07,-7296.32
1/10/2023,Alto,346,1069439.56,76219434.27,352571.5,5.43,50187240.63,1613805.74,-4626.82
1/11/2023,Ignis,790,1408323.2,725013661.3,551149.63,14.91,161555722.6,1844123.84,7328.02
1/12/2023,Celerio,874,1239586.03,84637732.92,949300.16,1.67,151473385.1,709086.76,-585.02
1/13/2023,XL6,146,516931.15,423099599,421666.81,8.85,393015911.3,1586784.26,30349.14
1/14/2023,Ertiga,330,1260189.88,247402200.5,111661.36,10.23,300689744.3,1271780,17580.35
1/15/2023,Dzire,159,1070084.45,104974319.3,418753.38,14.01,53555838.25,668178.88,-1824.51
1/16/2023,Celerio,598,1102741.97,258913950.7,188454.12,11.7,177088288.3,1477388.91,17420.93
1/17/2023,Celerio,601,1298715.46,242583697.6,268490.13,9.66,106754868.3,1414200.2,2064.5
1/18/2023,Dzire,646,988588.88,385428488.2,637186.09,1.75,166958550.2,1273462.8,7450.84
1/19/2023,S-Presso,863,859204.22,341060588,114052.67,5.61,364756915.3,1889706.81,3123.52
1/20/2023,Alto,237,1063969.24,105986194.7,491487.57,2.08,161600481,1281619.54,5485.61
1/21/2023,WagonR,801,657548.91,122167160.4,628988.51,13.22,61748836.21,1985772.67,8241.5
1/22/2023,Swift,919,519116.56,517748546.8,450765.47,11.24,450814500.9,1263843.22,-4876.16
1/23/2023,XL6,537,1039905.41,77469625.16,68170.03,11.36,109727303.7,673778.06,-2611.96
1/24/2023,Baleno,403,580618.04,155493171.1,986243.39,9.78,135017894.2,1205706.88,95.63
1/25/2023,Alto,68,395898.13,146119091.9,398759.98,7.61,122842390,773493.14,15469.42
1/26/2023,Grand Vitara,908,300665.02,31177051.84,789648.33,2.25,9793739.24,1395700.23,-5661.88
1/27/2023,Grand Vitara,442,1029983.28,466115808.7,359364.17,4.95,109074209.8,1539698.26,-3201.17
1/28/2023,Swift,886,734578.54,285755051.5,501265.92,2.05,248800402.7,1202652.92,-3210.9
1/29/2023,Alto,310,1202773.16,12064187.39,419040.46,10.87,4386753.56,646554.45,-8269.68
1/30/2023,Celerio,459,750211.68,127058906.5,375412.27,2.4,273593850.6,1202962.1,-2220.17
1/31/2023,WagonR,452,883204.14,40674677.81,70758.81,10.53,74577900.11,622181.32,-2077.81
2/1/2023,Baleno,719,788501.97,16510752.37,392019.89,10.38,16764670.62,1523188.93,-722.2
2/2/2023,Alto,533,1080689.75,315211090.7,895015.49,6.89,202093980.1,1685552.34,7772.73
2/3/2023,Swift,353,727366.99,183280903.2,705873.67,2.03,150789413.4,1943570.49,3393.94
2/4/2023,Baleno,673,1456521.18,476219020.2,188151.72,4.72,314358116.1,723203.16,22826.36
2/5/2023,Baleno,705,1423376.38,11248456.35,611597.25,4.8,26542975.55,1298630.5,-439.43
2/6/2023,Ertiga,817,1317633.48,197849264.2,897619.32,10.51,47738251.82,1351306.05,-1197.4
2/7/2023,XL6,67,1404360.32,14908771.72,715032.34,1.71,5364119.07,1883714.8,-6439.69
2/8/2023,Celerio,233,838967.63,388939920.5,191250.17,12.44,339955692,1440914.96,19665.78
2/9/2023,Ertiga,454,943716.48,103779918.2,874440.87,11.42,57835815.45,718264.47,2360.15
2/10/2023,Swift,848,1190511.11,160167326.3,336466.81,2.79,89826438.44,1154526.99,8005.56
2/11/2023,Swift,946,1135375.11,28263162.27,481372.34,10.79,48733784.91,1482143.79,-722.54
2/12/2023,S-Presso,180,1368814.31,448223952.7,549835.62,10.03,333983940.5,1550426.65,13351.75
2/13/2023,Alto,528,1159597.23,305672873.6,857981.27,11.22,160510505.6,1794611,33489.39
2/14/2023,Alto,842,1497461.65,39817379.53,935027.12,2.83,111231733.5,770760.68,-1982.65
2/15/2023,S-Presso,806,718206.96,11431327.37,933170.23,2.36,4605170.98,1927313.22,-5292.25
2/16/2023,Ignis,57,1299597.29,305392418.7,57556.47,3.55,375719011,588709.12,29501.68
2/17/2023,Dzire,754,1137161.79,106101017.3,925794.06,5.49,70650822.22,1975643.2,2355.65
2/18/2023,Grand Vitara,367,1129663.73,198784357.5,101667.62,11.9,177246515.1,1786650.64,-4311.71
2/19/2023,Alto,440,691002.71,61266221.75,302484.97,11.07,59809444.98,1490409.17,-3035.75
2/20/2023,Dzire,568,1242722.15,201284252.1,539238.46,13.88,189129413.7,1602493.25,10804.31
2/21/2023,Grand Vitara,185,1380451.23,382988191.3,505929.4,0.88,426203629.7,609038.01,28706.08
2/22/2023,Alto,580,562258.15,436212489.2,624474.3,0.17,146783262.1,562219.79,15031.45
2/23/2023,XL6,962,1050596.2,71984832.33,505473.92,10.49,152009117.9,652648.69,2475.89
2/24/2023,Ignis,700,770561.79,680228380.8,937656.9,4.19,321947906.2,631039.72,14717.94
2/25/2023,WagonR,416,1487457.74,453239394.2,278521.41,5.01,281554844.4,1321071.85,21450.95
2/26/2023,Ignis,538,874599.38,76547268.74,310323.46,8.2,55652323.94,823165.98,-2029.83
2/27/2023,Swift,738,573984.21,21228249.68,924701.04,1.54,5265880.13,1790308.46,-4910.75
2/28/2023,S-Presso,60,758229.15,59966987.48,122902.54,9.64,30223939.23,1168622.93,-5784.06
3/1/2023,Swift,602,1084606.07,139584755.3,629082.78,4.88,64954044.54,1543265.71,-3619.68
3/2/2023,WagonR,495,391307.25,642181691.7,697649.15,9.49,160010362.6,1479309.64,1997.61
3/3/2023,Ertiga,163,1024322.3,191175090.4,530264.64,12.51,301971592,979779.56,1048.19
3/4/2023,Swift,741,1417469.71,195689762.3,709520.28,2.57,260661622.2,864751.36,7940.57
3/5/2023,Swift,755,1320435.35,140590706.8,214116.91,13.96,91422104.13,1013684.43,5632.75
3/6/2023,Swift,245,381208.24,501060673,860000.62,7.96,309189390.8,1694987.56,8026.2
3/7/2023,Baleno,909,1492067.85,246570574.2,183024.4,13.84,201294514.2,1379415.27,-1614.66
3/8/2023,Dzire,786,1138472.31,209989002.5,430771.82,3.12,125502947.5,880307.99,2522.95
3/9/2023,Ignis,892,494736.99,316190057,121494.72,9.07,55605219.02,1726769.66,12675.03
3/10/2023,Ertiga,372,314899.31,399948709.7,567950.52,6.06,159589577.4,582139.08,1895.94
3/11/2023,Ignis,985,505539.16,181667939,686258.52,11.61,57852022.29,1548775.06,-4775.98
3/12/2023,XL6,822,1305811.1,255240465.7,944160.55,9.09,245070807.9,1158651.21,8770
3/13/2023,Dzire,561,325967.19,165027368.1,752369.39,7.42,65904037.09,1596935.58,4092.68
3/14/2023,Grand Vitara,677,579776.76,323515830.9,564047.77,13.69,138160092.3,1891191.92,8182.86
3/15/2023,Ertiga,711,1208766.71,193755911.9,935986.17,5.66,94753868.8,1625051.15,-2522.22
3/16/2023,XL6,679,1003332.64,43552744.3,504515,3.3,22429938.53,1162948.03,-1636.34
3/17/2023,Celerio,214,1239282.85,101562389.6,583145.37,9.12,86486376.15,726463.52,2523.32
3/18/2023,Baleno,301,1195380.6,174276157.7,616293.6,9.36,69548938.33,1709526.46,-2279.23
3/19/2023,Swift,828,360721.66,270322917,439480.74,6.59,406011800.9,1191058.29,12592.12
3/20/2023,Baleno,93,1371013.7,529053655.5,846558.56,7.3,278352773.2,612968.49,15433.28
3/21/2023,Ignis,519,572438.2,141628073.6,225917.14,14.39,106359051.1,1578583.1,-4947.58
3/22/2023,Ertiga,538,964070.93,251984684.8,577100.08,10.99,99469011.76,937777.95,-2296.96
3/23/2023,XL6,230,1073145.79,79162425.99,736121.59,1.66,123616477.9,573332.34,4620.14
3/24/2023,WagonR,126,502353.85,196564325.8,908777.36,3.18,82117788,1854126.52,4295.88
3/25/2023,XL6,423,1471477.51,95762843.66,889722.48,14.63,77176775.74,1224651.64,-6045.81
3/26/2023,Baleno,677,885787.15,266284314.2,533303.27,10.9,260620141.4,921441.58,-3252.81
3/27/2023,Swift,116,369171.23,11683002.22,661003.38,13.73,16287759.31,1574579.84,-912.23
3/28/2023,WagonR,574,1424714.45,11585411.56,424525.85,4.56,6290638.6,1828853.57,-9116.6
3/29/2023,Ignis,141,1003521.41,116574602,494768.87,11.13,91291564.89,500460.61,-110.81
3/30/2023,WagonR,807,1139031.84,85054067.84,910952.5,10.71,105792328.6,1531778.28,-5793.36
3/31/2023,Dzire,828,930210.95,317818187.2,934168.79,4.42,176507920.1,1650517.54,-2027.91
4/1/2023,Celerio,700,1301685.55,490929920.5,900643.36,8.26,235490158.8,814891.14,17037.63
4/2/2023,Swift,902,339760.15,377855835.7,181452.32,9.41,155709024.2,1234435.75,19178.59
4/3/2023,Grand Vitara,293,622054.04,408736304.8,857579.82,7.22,169650315.1,633928.85,8429.75
4/4/2023,Baleno,390,863578.03,380540990,950945.54,12.41,274844151.5,1620124.82,-5637.62
4/5/2023,Ertiga,952,391924.34,346344797.9,393187.21,12.49,299667243.5,1771184.03,13998.94
4/6/2023,S-Presso,834,1147088,40238869.28,542713.97,12.76,11984656.8,662279.99,-5007.4
4/7/2023,WagonR,353,772396.1,118127323.9,790140.49,12.05,175881963.5,1724690.38,2448.88
4/8/2023,Alto,447,627201.59,227501405,583974.23,7.32,203845601.2,1657355.26,16167.49
4/9/2023,S-Presso,752,304054.62,553104406.2,993809.35,5.72,487855691.9,1020369.98,5471.61
4/10/2023,Ignis,497,1163796.37,84836267.89,482927.7,12.47,198450632.4,1535434.29,-4307.89
4/11/2023,Alto,146,1300571.17,409075663.6,728245.58,7.35,273345852.6,500072.19,-1068.31
4/12/2023,Alto,380,774048.64,613711193.1,802961.58,3.7,403228489.5,1897696.48,-2460.62
4/13/2023,Alto,254,977061.57,532931762.1,519395.39,7.61,150972756.8,1325574.85,9509.36
4/14/2023,XL6,498,573223.95,609333131.5,864134.62,2.13,274860619.7,1430508.3,23958.15
4/15/2023,S-Presso,467,1046637.18,289259303.1,568846.86,10.37,138875809.1,1496989.12,7664.36
4/16/2023,Grand Vitara,698,314564.95,122391800.7,441068.26,5.04,37919853.9,1342053.53,-2354.11
4/17/2023,Ignis,126,886372.68,205662895.4,152432.49,3.91,289279794.5,1785145.83,19030.69
4/18/2023,Baleno,945,1073046.58,158095524.5,423742.9,14.35,112843415.6,1414552.75,-4770.91
4/19/2023,Celerio,598,1401830.13,509166566.2,747239.63,11.65,399982409.9,1861639.99,2439.23
4/20/2023,Ignis,847,757602.98,120434597.1,925222.09,11.81,288896008.3,1373497.43,15683.36
4/21/2023,Baleno,474,1218228.24,215503292.1,289095.43,9.36,73169038.37,756683.63,-3274.79
4/22/2023,Baleno,478,1017224.44,95438991.53,387473.74,12.59,52661064.42,1870343.83,-3225.86
4/23/2023,Alto,534,1412414.54,184233366.8,196262.94,11.39,87653016.92,1522441.25,-962.27
4/24/2023,Swift,864,778053.21,1189929.26,706186.75,8.98,1811519.65,1548858.49,-1916.69
4/25/2023,S-Presso,184,682914.41,379154357.7,962179.01,14.42,256801473.4,1978222.63,3800.27
4/26/2023,Baleno,703,1364570.4,136875066.7,658904.61,2.87,164348220.2,612794.83,-1349.4
4/27/2023,S-Presso,303,359093.28,339401624.6,636222.7,14.15,144942980.9,1142888.91,-1779.82
4/28/2023,Dzire,609,463662.47,82582021.51,575815.43,6.02,89080336.01,858643.09,-4131.73
4/29/2023,XL6,304,398885.32,6820978.08,134032.95,7.93,5804808.81,1445639.7,-7909.2
4/30/2023,Celerio,695,1311731.95,84837113.62,743028.64,1.84,50697060.53,1710217.53,-100.84
5/1/2023,Dzire,851,312728.91,78339479.68,621947.07,8.1,55690519.32,1949466.06,2495.18
5/2/2023,Baleno,769,1333988.59,103579504.9,678402.93,9.17,106730417.8,1181894.16,-3202.59
5/3/2023,Ignis,548,841521.35,244024574.4,903870.54,14.97,444914163.9,1679327.35,16535.27
5/4/2023,S-Presso,662,304830.33,104604618,794762.75,14.63,79867823.06,1875577.39,-3554.95
5/5/2023,Dzire,533,781974.21,90102167.86,791869.49,14.5,93752356.01,1524988.15,-7469.55
5/6/2023,S-Presso,95,524161.01,312114542.6,930824.58,5.23,319502243.2,864098.83,16701.77
5/7/2023,Grand Vitara,492,1049280.58,163814826,990438.2,14.87,108665303.2,1411781.23,3169.24
5/8/2023,XL6,631,1115230.55,300438184.7,602218.6,6.83,119601266.1,1954928.07,557.25
5/9/2023,Ignis,697,885033.08,121327304.1,153437.54,12.78,108943534.7,1981330.74,4066.61
5/10/2023,Dzire,841,348623.43,345261453.8,486173.41,3.24,56940655.81,1463539.74,-785.97
5/11/2023,S-Presso,628,1087354.57,28842901.89,798221.09,7.59,25759435.95,1830481.64,-4938.92
5/12/2023,Grand Vitara,53,1310446.54,90890354.88,76339.06,14.49,215650165.8,800524.05,-1847.04
5/13/2023,Ignis,785,1164389.13,233887888.3,104043.07,14.21,149370604.7,869117.91,3794.64
5/14/2023,Alto,50,1295949.5,120578565.9,113799.89,10.26,141827335.8,1929331.42,-2736.37
5/15/2023,WagonR,339,540611.43,43754792.37,744483.97,11.97,18404929.62,702853.06,-1249.28
5/16/2023,Alto,158,1366665.53,107554814.7,526108.3,2.65,65037570.1,786659.66,5085.06
5/17/2023,Celerio,826,686632.14,296998781.6,400453.05,10.82,167248787.3,1130822.9,4726.29
5/18/2023,Baleno,624,316085.78,94433880.77,150336.19,9.27,220130029.3,1384376.43,103.51
5/19/2023,Swift,509,1312069.98,98174525.5,745628.24,1.37,72133225.73,1405725.83,-2268.56
5/20/2023,WagonR,315,1430185.52,257960413.2,354968.82,1.7,307935466.9,937964.01,2033.26
5/21/2023,Grand Vitara,187,1086669.84,444839900,302057.87,1.63,95895435.3,1880920.85,23205.03
5/22/2023,Baleno,483,577723.96,321096930.5,669703.24,10.87,206306291.6,1872649.86,517.16
5/23/2023,Grand Vitara,93,602093.36,7299603.9,581060.35,2.13,2856369.92,1088102.08,-1321.21
5/24/2023,Dzire,935,859911.45,510582762.4,394290.11,7.02,312142502.7,1151437.65,-6242.65
5/25/2023,Celerio,559,1377397.3,256464619,659413.1,5.35,201507240.4,1553745.68,10462.02
5/26/2023,XL6,993,479517.19,159420752,307660.44,8.26,409715269.9,1494493.84,24067.36
5/27/2023,Celerio,311,1291168.4,137168845.3,805088.75,10.6,202766421,1073445.52,-4348.31
5/28/2023,Grand Vitara,777,649563.37,273274901.2,267853,10.27,120285917,1121366.38,24.42
5/29/2023,S-Presso,682,1270303.4,44853645.61,200895.81,7.73,61672911.69,1022058.42,-5180.65
5/30/2023,Celerio,201,1404325.44,32900731.62,793317.44,6.97,31316699.08,853077.51,-2405.75
5/31/2023,Dzire,262,812992.65,70450523.11,722497.43,5.97,33996840.17,1187207.54,-105.47
6/1/2023,XL6,283,738060.78,87511626.82,223507.03,12.93,105566546.6,1529651.2,721.06
6/2/2023,XL6,912,1262665.58,90322899.04,160433.47,4.96,57509118.1,1612950.06,-5511.17
6/3/2023,Grand Vitara,672,935379.46,305388699.4,846479.13,3.89,175974985.9,1668310.47,-2683.04
6/4/2023,Grand Vitara,410,1121338.86,204558490,787768.56,11.15,90441308.81,1062098.02,248.11
6/5/2023,Ertiga,369,1047395.08,30473097.38,360894.51,5.4,39761554.66,1646953.99,-3223.95
6/6/2023,Celerio,271,483466.61,130712355.4,675287.54,12.7,35932551.32,509774.47,3245.49
6/7/2023,Alto,787,1313748.43,94135541.1,167952.18,4.92,58070247.47,1215574.91,-7282.53
6/8/2023,Ertiga,259,534930.13,114579052.7,531695.28,10.53,108427938.8,1690856.6,1870.68
6/9/2023,Ertiga,445,1418738.57,169594090.8,67793.78,0.68,256769616,1445067.08,-2104.22
6/10/2023,Grand Vitara,980,600685.55,288956061.7,422021.79,5.78,368948002.3,1211094.69,11843.17
6/11/2023,Dzire,632,1180657.17,220295247,121100.68,5.15,180441201.1,1466963.01,-1085.07
6/12/2023,WagonR,538,641586.47,55509597.04,501389.82,12.25,55614229.33,1860419,-4492.39
6/13/2023,Alto,921,681342.49,229286921,450597.56,14.51,224774284.1,1349572.7,2349.6
6/14/2023,Grand Vitara,650,672002.22,165787747.6,472165.78,6.91,109212422.5,1699679.29,-4459.44
6/15/2023,XL6,823,1197470.7,520596605,93064.74,12.37,294831265.5,1971114.09,-1755.49
6/16/2023,Grand Vitara,927,968178.14,276677440.7,393535.52,10.5,332059407.8,1558352.3,6485.87
6/17/2023,Celerio,513,1359542.95,159637997.9,768659.66,14.51,119990088.3,1359988.65,-410.72
6/18/2023,Ertiga,749,668847.26,286983056,400468.65,12.17,68918146.62,556228.92,8286.8
6/19/2023,Baleno,673,1130391.03,321952077.5,729413.35,1.16,142684907.8,1061716.85,-2485.27
6/20/2023,Baleno,501,1203538.32,109977009.6,401004.79,10.7,79547490.19,1348164.1,931.75
6/21/2023,Ertiga,462,481778.54,279743126.8,452077.47,8.03,239804856.1,1695809.86,15527.7
6/22/2023,S-Presso,983,780707.23,520113318.6,585697.51,0.25,286263066.7,1157157.18,5403.88
6/23/2023,Celerio,800,879380.99,109380986.4,953147.84,3.77,60769754.78,1940087.41,-4613.86
6/24/2023,Dzire,525,726824.87,209554326.3,153417.42,13.83,182906432.6,907690.63,-4382.94
6/25/2023,XL6,305,686535.12,24635776.96,81268.08,13.89,45780505.4,1616850.79,-4250.32
6/26/2023,Ertiga,199,1123703.87,237708560.2,627559.32,11.98,144650636.3,1128547.13,-126.94
6/27/2023,Alto,176,559039.68,601995972.5,951642.23,14.73,179936077.6,1228982.74,-560.08
6/28/2023,Ertiga,441,1151268.89,11450747.94,990236.98,12.1,5494289.59,1703753.05,-8897.49
6/29/2023,Ignis,880,1422053.04,150594018.7,509956.04,0.15,146256573.3,944322.89,-593.18
6/30/2023,XL6,529,978237.03,182030963.5,494677.54,4.32,156517961.7,645218.08,-1397.61
7/1/2023,WagonR,446,1033721.08,394449869.2,662715.58,0.46,250003880.9,1280383.38,19610.07
7/2/2023,XL6,972,382719.24,476634030.9,577853.02,1.41,98485747.03,1293191.92,26173.11
7/3/2023,Alto,451,1337372.28,172501181.1,652383.65,3.28,95757955.94,1695751.66,1377.43
7/4/2023,Grand Vitara,323,642537.34,430246386.9,880299.45,7.55,126431851.3,1952478.81,8598.05
7/5/2023,Ignis,894,1038061.4,212432884.6,758990.86,12.71,124483706.3,582951.03,5103.6
7/6/2023,WagonR,959,1474934.6,360576484.3,522033.52,12.93,227568296.5,1387534.21,-4337.83
7/7/2023,Swift,188,1014603.12,38736428.7,488771.24,9.24,40302547.08,1521917.8,-7196.04
7/8/2023,Alto,152,1169651.38,169149278.6,657621.66,13.92,265422447.5,1978702.03,340.87
7/9/2023,Baleno,291,834383.54,269011929.2,482920.97,7.5,73176772.98,1913885.32,12291.74
7/10/2023,S-Presso,166,372439.01,490063655.7,484890.38,13.34,127262677.3,1568676.15,17626.1
7/11/2023,Grand Vitara,263,1257119.22,215271693.5,65490.61,6.81,98980112.58,1282684.12,977.66
7/12/2023,XL6,533,341998.61,140446336.4,215360.93,4.16,59919279.63,742285.88,3351.16
7/13/2023,Swift,578,1140789.39,125349184.4,514087.96,13.75,31490980.12,1076264.83,-1254.66
7/14/2023,Ignis,740,327505.89,288488537.8,831520.79,5.82,161086362.8,1377683.49,-4181.91
7/15/2023,Grand Vitara,273,1334766.28,66971428.81,314790.66,7.55,172158374.8,1587800.59,8309.71
7/16/2023,Swift,319,489163.24,277445935,546511.26,4.93,264693437.6,1453099.34,9015.24
7/17/2023,Dzire,874,917125.79,439326657.5,377713.98,9.94,309868351.7,1571184.2,4656.8
7/18/2023,Celerio,910,1016580.85,363041878.5,149563.79,14.93,278420389.4,1143728.76,14523.23
7/19/2023,XL6,183,849054.49,491124172.7,960383.56,0.38,357877420.9,1591440.94,26883.5
7/20/2023,Celerio,163,708916.19,327524154.9,861940.18,13.5,148602594.9,715611.88,19849.89
7/21/2023,Baleno,490,861377.16,321893882,124567.8,0.06,214791788.7,743879.47,3001.32
7/22/2023,Swift,693,673698.9,168151088.1,733797.9,5.46,159404960.9,744248.22,27627.16
7/23/2023,Ignis,700,825746.82,38237912.8,380200.91,2.53,15978589.28,1836297.44,-5798.4
7/24/2023,Baleno,414,730695.59,153637447.1,995107.32,11.36,161676549.5,614051.09,11351.1
7/25/2023,Celerio,281,979445.79,11310081.51,337278.59,0.76,22546116.71,1702262.56,-6192.56
7/26/2023,Swift,507,585508.99,117745133.2,276801.52,8.3,153547785.1,850356.35,9588.58
7/27/2023,Baleno,424,1486387.87,90516548.42,589496.02,4.42,155480190,1202644.91,4081.62
7/28/2023,Alto,653,901043.94,362649725.2,843369.86,2.01,175108273.6,1873934.89,3571.54
7/29/2023,Grand Vitara,828,532994.49,340367012.5,232892.93,11.58,146003864.3,1378905.84,683.9
7/30/2023,Ertiga,660,872480.1,206076151.6,723932.63,3.26,286113526.2,815176.53,61.05
7/31/2023,S-Presso,256,1339698.16,143071432.1,108336.25,3.36,101370764.5,926135.09,1223.19
8/1/2023,WagonR,569,326168.15,301901779.1,922988.01,4.13,306806697,1880669.94,13369.67
8/2/2023,Alto,517,1115464.94,498694706.9,127021.17,8.8,176763849.4,1140715.89,13555.31
8/3/2023,Baleno,931,957561.36,456973673.6,918519.81,9.89,202686607.9,1380478.22,7060.04
8/4/2023,Ignis,492,503469.59,6606664.8,516266.89,0.26,19443152.86,1189898.29,-3703.65
8/5/2023,Dzire,966,1280971.73,438907143.9,475686.56,3.63,115478101.1,1067657.13,5712.49
8/6/2023,Ertiga,370,742661.55,105267161.6,974641.73,6.46,84193321.44,834918.69,1744.6
8/7/2023,WagonR,142,652562.43,139485088.7,990864.97,4.98,92714861.01,1529287.25,-1665.3
8/8/2023,Alto,457,1293750.23,172937846,667669.22,13.26,117641387.9,1577363.04,528.06
8/9/2023,Dzire,207,1066230.06,109820700.3,170763.33,11.82,37085304.25,912327.64,-364.78
8/10/2023,Dzire,921,1377910.9,321328128.2,530861.58,9.39,267377424.7,1683516.26,13036.62
8/11/2023,Dzire,148,1055860.44,469491160.1,552704.95,5.07,267352844.5,1781802.8,14204.04
8/12/2023,Ertiga,274,1188981.19,76287150.8,538724.11,10.51,35773588.11,1881012.64,-7318.81
8/13/2023,Grand Vitara,901,1303735.08,142254204.9,591017.25,12.65,130355566.8,741818.62,-28.47
8/14/2023,Swift,490,365687.56,121359161.6,67788.48,8.92,171369878.9,955885.53,-6230.05
8/15/2023,Alto,769,1231258.75,185919668.6,725665.92,11.77,269818985.9,1790530.02,7595.24
8/16/2023,Swift,634,1036447.78,347885202.7,726774.59,11.24,101466959.3,797810.3,-2603.44
8/17/2023,XL6,450,383409.36,541797274.8,159696.29,8.58,421194658,505202.69,92.83
8/18/2023,Ertiga,620,910293.51,104985769,591727.47,4.68,107065052.5,1806240.97,7852.05
8/19/2023,Dzire,848,398949.69,335533426.5,589943.12,11.19,112883486,989674.16,6380.72
8/20/2023,Dzire,113,1183136.64,124778329.3,698327.9,3.1,29860089.59,1121746.29,5834.19
8/21/2023,Ertiga,817,955802.06,254880920.6,131127.81,11.69,177554830.7,1169501.04,-5039.12
8/22/2023,XL6,609,1444288.24,113058779.3,645178.14,12.07,135529119.5,1772411.9,13488.36
8/23/2023,S-Presso,328,519762.45,273597837,316714.35,12.33,122954496.5,1006838.22,-2044.15
8/24/2023,Ignis,759,1027240.14,40979445.99,531652.84,7.09,33703562.82,1838419.83,-8821.51
8/25/2023,S-Presso,719,553898.56,420578868.5,784657.38,2.89,373234298.6,1425408.71,56.53
8/26/2023,Swift,872,1036877.98,224395299.6,720363.64,1.5,63824079.99,1290930.09,13437.29
8/27/2023,Ertiga,568,1167179.64,540771425.8,162957.87,11.15,344123952.5,988421.76,-1149.05
8/28/2023,Ignis,297,1166765.2,200037595,611625.55,13.29,248423869.7,865567.54,9460.92
8/29/2023,S-Presso,417,1278088.79,353331846.1,970660.7,9.76,70432805.18,1436087.66,2082.27
8/30/2023,Swift,793,1324260.27,84234885.37,198930.97,2.16,146229239.3,1170341.24,2184.78
8/31/2023,Baleno,667,392726.07,311281506.5,860261.73,14.02,317692148.7,1865774.01,8299.73
9/1/2023,Celerio,147,711920.59,13728575.01,717420.68,14.84,28678960.42,1237458.07,687.6
9/2/2023,Grand Vitara,317,1124547.02,335477039,785303.15,6.5,270398979.4,1267692.38,21027.32
9/3/2023,Ignis,109,898303.54,105068912.1,317860.41,8.92,105395703,1125084.92,329.08
9/4/2023,WagonR,549,528811.14,369766817.3,323494.48,11.66,66365260.49,1683894.5,14082.91
9/5/2023,Ignis,357,963251.48,56355353.83,910718.48,11.05,42128599.69,1137258.8,-5787.6
9/6/2023,Swift,542,788922.78,236507249,391840.43,14.52,65055713.03,904013,3838.22
9/7/2023,Grand Vitara,460,768045.93,312853127.8,109864.62,1.72,163065324.8,1793046.31,-4631.55
9/8/2023,Dzire,189,1271704.46,51230942.91,620566.87,8.71,45228851.23,1395242.33,-6373.29
9/9/2023,Grand Vitara,958,789118,75383573.11,168576.79,10.38,125393475.6,1387265.33,4188.96
9/10/2023,Swift,377,331745.41,447243406.2,806766.43,13.35,191644709.1,1416233.31,14677.32
9/11/2023,Grand Vitara,513,369676.01,335867017.5,659659.12,13.11,176868298.4,1578259.62,8296.55
9/12/2023,Alto,751,1327492.85,226128932.6,880990.18,14.67,99912109.12,969601.98,3609.07
9/13/2023,Dzire,686,1452720.97,119107156.1,795595.39,7.68,124336239,550766.56,-2284.91
9/14/2023,Swift,974,1126091.2,234580048.1,156507.97,12.46,117568013.1,1715889.74,-115.81
9/15/2023,S-Presso,212,737241.95,143459379.1,412017.14,6.41,106389333.5,693357.58,410.68
9/16/2023,Celerio,109,1426320.38,417892679.5,785832.24,6.33,74277500.35,1582729.61,142.52
9/17/2023,Swift,974,1095363.7,173586600.5,446474.4,3.8,109868579.2,623472.95,16198.89
9/18/2023,S-Presso,80,1313200.26,243389915.6,973747.21,12.27,162230532.1,1062961.76,-287.23
9/19/2023,WagonR,382,1219022.76,499815374.6,748953.43,14.79,468300952.6,594539.1,4840.49
9/20/2023,Alto,125,754967.18,398568404.9,64724.92,3.85,69108469.78,1283320.52,-4028.73
9/21/2023,Grand Vitara,804,874442.64,101787142.5,885986.41,0.84,44079866.11,1479703.66,7882
9/22/2023,Baleno,366,523358.59,358154586.9,145764.55,12.23,125542848.4,757149.71,11190.39
9/23/2023,Grand Vitara,819,650416.92,164547144.9,183497.54,9.3,163972175.7,1057441.43,-3701.22
9/24/2023,Alto,466,1233750.79,252320393.4,747767.78,14.4,140701664.3,1895359.24,523.73
9/25/2023,Dzire,239,1372774.07,149845569.5,871720.13,3.78,222854453,1163583.68,-997.42
9/26/2023,Celerio,538,1169352.51,106783321.4,559532.15,1.07,77006409.83,1703815.35,8798.12
9/27/2023,Alto,938,858208.44,409637596,324597.25,7.39,148209476.8,1890777.12,19115.37
9/28/2023,Ignis,364,403811.12,139198985.5,383749.77,1.28,87124182.63,1961518.74,5486.65
9/29/2023,Baleno,345,368337.54,167420487.3,375744.86,3.93,226547054.4,1847483.03,3280.94
9/30/2023,Dzire,550,749190.68,38568470.04,360344.2,1.89,41895736.53,976107.99,-6531.97
10/1/2023,Ignis,226,856586.06,114564461.1,280764.19,3.36,95496680.62,1943859.33,12529.64
10/2/2023,Dzire,849,1030944.75,292427728.2,628423.74,1.59,193873884.7,1718592.86,10563.32
10/3/2023,Ignis,855,307787.43,270289302,905385.05,14.31,128138368.5,1755763.38,-639.92
10/4/2023,XL6,909,1487667.47,139271743.5,341728.29,4.18,83988316.13,522759.48,-3591.74
10/5/2023,Celerio,768,736726.66,93698053.1,227359.58,6.66,71846476.32,1931358.29,-1384.16
10/6/2023,S-Presso,264,1317713.6,127325939.3,846648.78,13.48,34794997.16,1667135.34,1864.98
10/7/2023,Grand Vitara,905,941960.05,121437497.5,754694.16,10.16,121023606.9,1651951.24,5421.72
10/8/2023,Alto,702,456527.35,417245911.2,934295.18,9.27,360637158.3,622287.1,15643.94
10/9/2023,WagonR,646,1257078.66,269716291.2,207243.75,10.58,156607817.4,848852.81,11407.6
10/10/2023,Ignis,743,1151792.49,67256235.44,187038.75,12.43,38240505.91,1943392.5,-1872.74
10/11/2023,XL6,381,932923.3,48999364.66,564357.92,13.17,20313027.84,1251015.61,-6885.32
10/12/2023,Celerio,177,917463.71,311707516.7,633711.97,9.64,374436888.9,1096787.03,12611.84
10/13/2023,WagonR,318,404975.53,33699968.07,506164.77,13.35,31752722.96,1759911.23,-5607.45
10/14/2023,Alto,600,1087018.74,409912357.4,619018.3,8.03,349229932,631010.62,5829.36
10/15/2023,XL6,584,1393494.19,356580413.5,221360.78,4.16,150311049.5,1125413.02,12048.4
10/16/2023,WagonR,803,411893.9,34044008.55,505633.07,13.2,17371104.54,1063551.16,-2772.26
10/17/2023,Baleno,415,616213.74,288203636.7,675187.93,8.12,154307993.3,1024777.08,9324.48
10/18/2023,Ertiga,668,1382769.57,96361829.17,461071.13,13.59,37048408.86,961538.37,855.55
10/19/2023,Grand Vitara,397,641212.69,113719925.5,695474.97,0.6,53383365.36,815112.44,-7374.41
10/20/2023,Dzire,191,1084732.41,782642.53,478631.72,5.96,725925.27,759366.2,-4258.92
10/21/2023,Dzire,194,941781.8,258549990.4,366919.6,14.22,291798682.8,1460609.18,9826.9
10/22/2023,Swift,841,1015593.13,108123737.2,338424.79,3.74,33020106.87,1879092.26,-1821.24
10/23/2023,Baleno,294,798946.68,519648402.1,440356.96,14.12,369006930.2,1263277.47,1192
10/24/2023,Grand Vitara,491,659989.76,27861849.41,71935.14,14.31,28499399.75,946961.83,-2731.98
10/25/2023,Ertiga,752,358240.14,202417930.6,685098.88,13.23,152305982.3,738740.3,918.81
10/26/2023,Swift,339,1193137.13,291668401,852850.36,8.46,326974095.6,1745215.05,8022.15
10/27/2023,WagonR,740,1195312.15,378965397.8,386895.74,9.7,377952005.7,1957238.08,14766.9
10/28/2023,Swift,161,1104870.89,138359051.9,93731.48,13.04,75950749.37,1023733.1,-2161.87
10/29/2023,Ignis,263,1072360.55,428088861.6,987436.82,11.64,151731209.1,936425.64,10403.12
10/30/2023,Baleno,699,592460.56,97121816.27,300513.34,9.45,106748643.8,1402239.43,-5049.37
10/31/2023,XL6,935,326813.92,185134507,170290.07,14.73,381309469.7,1662993.47,27636.19
11/1/2023,XL6,249,1270458.48,44902005.12,401264.88,10.29,14215633.92,1183104.21,-3206.46
11/2/2023,Ertiga,454,889366.24,97608174.59,751629.19,14.63,182796210.5,1445109.72,1587.05
11/3/2023,Alto,470,668205.76,122170470.5,329220.77,0.86,140773890,1574823.6,3863.22
11/4/2023,Grand Vitara,56,422318.29,199079026.8,595968.04,2.08,166099370.5,1940888.43,7261.7
11/5/2023,XL6,907,375265.91,667447508.6,444781.99,6.77,267664632.7,747556,33487.78
11/6/2023,Baleno,574,718640.07,519412720.5,161875.79,5.77,254997338,1996073.74,8290.8
11/7/2023,Celerio,641,1265684.48,194624788.4,363772.66,11.74,136483962.5,1088234.98,-1269.2
11/8/2023,Dzire,335,1402468.5,144784205.3,738626.98,2.41,143276673.4,1584800.21,871.59
11/9/2023,Celerio,720,1376101.64,18734331.96,631403.7,14.64,39146682.12,1358621.57,-1197.36
11/10/2023,Swift,438,1404001,263101253.3,163789.46,4.73,413060250.8,1230002.93,4160.93
11/11/2023,S-Presso,465,1389270.41,49129613.9,205156.29,6.43,67922578.19,1547113.05,752.54
11/12/2023,Ignis,833,932669.7,106079374.7,658696.69,4.12,48442288.49,1093630.78,2348.29
11/13/2023,S-Presso,762,563298.77,153827085.5,822744.64,8.69,186731173,689164.97,-229.53
11/14/2023,Baleno,199,1257655.9,514314048.3,382000.77,0.88,162002272.5,1233340.07,20435.23
11/15/2023,S-Presso,477,556455.57,424507713.9,615545.21,2.25,199517554.8,1282873.81,2415.75
11/16/2023,Celerio,857,620648.73,159934070.5,212111.41,11.19,188709308.9,802853.23,-5566.8
11/17/2023,Alto,342,579905.19,197662809.7,345807.52,2.8,268316685.1,1903429.03,5858.69
11/18/2023,Baleno,383,917978.88,86358270.57,69256.7,3.53,58150158.6,841213.47,-5892.09
11/19/2023,Dzire,321,686193.01,178149564.6,779862.15,11.89,62107608.87,1113841.39,6308.9
11/20/2023,Ertiga,92,484987.26,332341227.1,430959.33,1.4,129462246.1,732394.53,1159.73
11/21/2023,Baleno,517,843808.09,274373785.1,825319.29,6.56,263310425,1303694.97,15362.44
11/22/2023,WagonR,368,1348688.69,354715691,722954.35,0.35,108120157.8,961456.41,774.19
11/23/2023,Dzire,541,984663.43,188415929.7,837307.05,5.2,112679065.8,1233908.78,10057.28
11/24/2023,Baleno,576,1354002.73,404724459.6,321375.74,10.48,63099591.18,836925.37,-701.89
11/25/2023,WagonR,809,535046.62,349993251.6,225853.29,1.35,75361895.17,580662.69,6851.86
11/26/2023,Dzire,221,500368.65,469877859.4,973310.4,13.33,178802100.4,1668839.98,5566.25
11/27/2023,Swift,779,990692.55,164005927.2,731461.4,13.64,43771555.12,1461629.43,3197.58
11/28/2023,XL6,698,855994.68,25002785.96,842340.15,1.57,9511883.37,1011109.03,-9333.75
11/29/2023,Ignis,370,1092207.17,315213038.1,62476.71,14.86,321447590,571241.34,37414.41
11/30/2023,XL6,788,1253552.15,117457870.4,386738.54,4.46,87358867.63,1798362.59,3274.6
12/1/2023,Celerio,93,1201568.75,240747036.5,755675.86,1.26,170860085.4,754692.51,7122.5
12/2/2023,Ertiga,581,1430713.41,653041989.4,124083.69,0.08,428954520.6,1896113.33,16534.48
12/3/2023,XL6,680,777907.69,218724753.3,588972.93,6.13,173269795.5,1217893.07,4891.13
12/4/2023,Grand Vitara,503,547664.09,112209116.2,457619.13,9.45,124418000.5,1010580.06,10574.1
12/5/2023,Baleno,795,961095.17,279208428.9,66735.68,4.98,192668098.6,1612639.22,368.81
12/6/2023,Grand Vitara,929,432891.74,94642772.52,274176.8,12.55,70485014,1815259.11,4639.61
12/7/2023,Swift,940,646621.35,259525245.6,320552.39,10.75,113009429.9,1056070.35,8329.66
12/8/2023,S-Presso,978,549465.67,17069238.23,156266.95,5.25,25876363.9,1111015.63,-3773.05
12/9/2023,Celerio,897,775876.46,192572680.6,649960.06,11.01,173827496.2,1149737.33,972.68
12/10/2023,XL6,917,433459.89,320418239.3,280277.98,14.11,192442732.2,1883484.59,13260.84
12/11/2023,Alto,823,338210.09,375451925.3,313738.52,1.4,309368714.6,1538845.99,19827.07
12/12/2023,Ertiga,132,1088152.81,276328528.2,903326.67,4.59,175401826,871469.18,7537.49
12/13/2023,S-Presso,592,1032298.77,218230334.1,493766.94,6.95,114143036.9,777499.55,14627.56
12/14/2023,Ignis,371,1150030.72,615523280.7,422521.74,7.47,178939336.5,845551.5,-7421.29
12/15/2023,Baleno,835,1092463.73,38278951.05,737677.49,8.13,43174842.2,895345.83,-5061.4
12/16/2023,Swift,283,437153.62,539028051.9,914133.11,4.51,404227452.8,845275.24,24542.57
12/17/2023,Dzire,589,649294.66,178741256.6,73784.52,10.01,33903188.24,1487759.67,12125.34
12/18/2023,XL6,301,455431.93,334835141.5,475826.9,9.68,246975348.1,673900.27,2488.99
12/19/2023,Alto,885,1311566.88,25458058.22,630242.29,8.67,7134621.38,1081037.73,-2450.73
12/20/2023,Ertiga,814,1196284.39,181566303.5,352634.94,1.71,96125319.16,1437580.36,-6812.73
12/21/2023,Ignis,498,541832.4,133369925.6,783787.34,7.15,239370515.8,936289.96,22673.42
12/22/2023,XL6,288,709571.09,245866209.3,972903.22,5.34,139389778.9,597911.58,93.88
12/23/2023,Ignis,539,1459937.99,19799460.73,946256,7.37,13326304.19,622735.88,-4312.82
12/24/2023,S-Presso,931,1012991.23,141154494.5,302683.41,13.83,157790453.7,688950.16,5504.67
12/25/2023,Grand Vitara,513,1261386.72,41670201.31,265021.36,7.21,28016931.95,1753764.54,-7068.39
12/26/2023,S-Presso,990,617509.24,489165023.6,959616,0.21,104168609.1,1486795.26,31546.59
12/27/2023,Celerio,363,552063.5,111578035,485697.06,6.58,87801558.9,596783.62,16549.49
12/28/2023,XL6,224,1240700.31,599899890.8,247882.84,12.31,312102494.8,1086603.32,25208.74
12/29/2023,Swift,755,1123046.95,568243392.1,721647.12,11.7,238899185.7,917877.76,12695.44
12/30/2023,Ertiga,229,1117173.52,141745348.7,320199.31,7.7,45465884.2,1367060.17,157.43
12/31/2023,Dzire,981,963161.5,164091031.4,303884.63,3.75,117471804.8,1284208.92,-1515.45
1/1/2024,Dzire,434,976294.01,582940243.7,885286.59,6.98,455775410.4,1221686.04,27098.71
1/2/2024,Baleno,344,1182837.01,276223471.5,204355.2,8.46,84563086.99,971768.56,4431.78
1/3/2024,Baleno,264,624002.98,181951133.5,111173.3,15,145677831.8,706699.66,5149.49
1/4/2024,Ertiga,764,723322.16,603133311.1,305727.12,9.66,111594669.9,1613564.57,29851.34
1/5/2024,XL6,811,1345964.12,60765033.43,626598.14,10.41,8616701.28,1819785.15,-4316.48
1/6/2024,XL6,923,670638.24,494369028.7,166933.46,7.37,112183256.8,1916226.36,-4991.03
1/7/2024,S-Presso,818,955571.49,255814075,498014.94,5.32,223943327.1,587928.46,17847.81
1/8/2024,Alto,124,1143167.36,166741300.3,645970.25,12.19,242460057.4,1609863.07,-391.34
1/9/2024,Baleno,393,1499909.79,279966095.4,856300.14,7.42,181232497.2,1589755.19,11093.68
1/10/2024,Alto,763,822349.6,345102507.3,268376.11,14.92,291424045.1,1920664.42,10899.81
1/11/2024,XL6,191,813711.45,17602023.28,826479.01,6.86,13752058.07,879371.89,-8912.02
1/12/2024,Baleno,767,1311106.06,277899536.7,273160.95,1.02,143749675.9,1613268.56,12497.77
1/13/2024,Dzire,248,1266603.73,402234271.9,692928.21,10.24,235388111.2,581939.43,-4080.05
1/14/2024,Ignis,968,1177291.06,68041725.5,459139.89,0.7,46926409.17,1446868.58,-7055.49
1/15/2024,Baleno,220,855875.56,299215469,158947.18,3.76,219096455.7,1026271.74,2387.94
1/16/2024,XL6,455,688726.94,155831610.2,728550.29,5.31,107020306.3,1653364.16,1644.44
1/17/2024,XL6,877,1030476.58,35893856.09,256874.49,11.09,49909702.5,1794956.43,31.58
1/18/2024,Ignis,277,1351467.95,46446471.19,217792.25,7.41,108519430.7,1047231.56,-6391.89
1/19/2024,Alto,460,1360532.95,420326469.3,390406.78,0.43,124603311.5,1288379.14,6818.58
1/20/2024,Ertiga,947,430198.01,148471744.7,670625.73,9.25,124936932.8,676106.09,-7878.71
1/21/2024,Ignis,984,814020.34,373657072,272296.65,6.17,360474035.4,1125360.45,10448.49
1/22/2024,Dzire,740,857666.35,83877077.65,224478.46,13.83,48739860.65,1041200.59,-3516.17
1/23/2024,Grand Vitara,927,1473138.44,275901335.4,59455.94,7.49,251292471,774685.19,18449.51
1/24/2024,XL6,836,1113597.62,328335751.1,498060.94,10.63,221210771.6,1841717.94,10436.43
1/25/2024,Swift,111,788695.7,121122662.4,457213.29,3.28,69289276.09,722131.76,3328.18
1/26/2024,Dzire,376,331269.46,550349370.1,272174.36,11.41,133961991.2,1453609.04,26508.17
1/27/2024,Alto,765,978462.19,19811074.69,100969.56,10.81,21510425.64,1835213.97,-5421.59
1/28/2024,Ignis,928,415291.17,276825033,457793.08,13.56,200741565.4,1867952.87,-1893.22
1/29/2024,XL6,182,1301339.95,142962551.3,798794.86,0.51,36461972.91,1689859.55,-7237.77
1/30/2024,XL6,633,1203022.39,46312326.52,729518.02,6.71,10604482.46,764211.7,-640.25
1/31/2024,Ignis,639,852610.99,118709699.8,867755.15,10.19,106632865.3,1726147.11,5079.47
2/1/2024,Ertiga,238,815052.94,101185361.7,59103.55,1.43,19254756.78,914847.22,-876.58
2/2/2024,Grand Vitara,405,1376806.76,424292550.2,968098.35,6.16,106365850.5,1883597.04,-1751.03
2/3/2024,Ignis,120,646150.02,73717012.68,374341.64,14.13,34972793.14,1563630.02,-8513.19
2/4/2024,Baleno,312,598823.95,262405649.5,990877.91,6.54,318869656.1,1677901.34,4339.33
2/5/2024,WagonR,355,1427036.92,330813207.9,289988.49,14.78,266825451.4,627548.68,11478.3
2/6/2024,Ertiga,607,1271095,498167290.6,497959.57,0.85,195628259.9,1374147.67,8451.46
2/7/2024,WagonR,273,1284750.71,72807402.02,386231.29,10.77,137611981.1,1731713.19,-1321.37
2/8/2024,Alto,377,534232.58,56411756.33,387972.68,8.72,44076909.59,1792385.53,-2991.11
2/9/2024,S-Presso,811,471955.19,234844763.2,850167.99,7.51,188427931.4,542947.56,20229.16
2/10/2024,Dzire,637,331235.46,499008804.9,759097.99,14.56,299632197,1908738.85,19712.58
2/11/2024,Celerio,123,584449.81,108612118.1,992543.86,1.94,98991366.8,565008.1,-7901.96
2/12/2024,Ignis,560,1229028.59,79782478.47,632838.95,13.44,112354411.5,1421778.02,5516.99
2/13/2024,Dzire,191,588046.1,126731652.2,490093.77,10.37,108753589.4,1540081.29,-933.26
2/14/2024,Celerio,634,1174923.94,228130384.8,135570.17,3.88,77319683.27,661017.94,7704.04
2/15/2024,Alto,151,602289.92,383945700.1,996733.35,13.53,227373706,572017.8,18623.94
2/16/2024,Alto,655,774351,242996294,573954.12,6.44,194355464.2,1677368.23,-12.21
2/17/2024,S-Presso,630,1479794.75,230333052.4,715453.6,12.21,126937309.5,1077005.94,-3815.76
2/18/2024,Ertiga,114,593774.08,185546335.6,436405.27,5.83,200488889.1,660668.77,9395.14
2/19/2024,Dzire,242,751644.75,121543461.6,570329.92,12.76,30406617.78,1644001.72,-4151.4
2/20/2024,Dzire,111,661304.62,79061849.37,945448.85,9.55,53211273.22,1773744.61,4520.8
2/21/2024,Ignis,581,431549.98,67514134.45,208098.47,2.12,12593282.67,1381079.29,-593.25
2/22/2024,Alto,290,887872.97,64580025.18,327753.96,9.74,100092296.8,741855.21,1542.54
2/23/2024,Celerio,764,754428.8,223229258.1,194456.74,2.87,73870845.63,522833.71,4533.01
2/24/2024,Swift,459,1133864.5,8849967.85,802605.11,6.18,4885730.5,1551203.72,-5680.66
2/25/2024,S-Presso,349,1281113.46,259164384.6,108943,2.55,213317087.5,1325209.51,23060.33
2/26/2024,Ertiga,244,953099.66,422580120.4,127550.07,0.33,256332752.1,1476195.71,-3678.54
2/27/2024,XL6,503,338635.71,160159554.4,333569.41,3.18,101328303.6,1719777.01,6112.29
2/28/2024,Swift,623,1042706.83,466479089,538478.77,8.05,343760820.9,1151341.67,20019.63
2/29/2024,Baleno,668,366468.88,362544687.9,435961.06,7.22,248169416.2,686773.2,3891.54
3/1/2024,WagonR,686,1039627.59,49105328.2,92575.5,7.52,35359072.6,1909974.93,-4858.94
3/2/2024,S-Presso,350,1122035.94,668879696.9,959616.98,3.72,321262698.9,1317893.19,3139.57
3/3/2024,Celerio,828,537321.15,227559317.8,955226.04,10.28,63115675.56,1422941.18,-2870.27
3/4/2024,Grand Vitara,505,1283215.38,193127466.7,315388.51,10.56,55554897.27,1900117.14,6189.59
3/5/2024,Swift,251,1393302.16,119883015,744949.33,5.37,123907397.6,1897375.48,696.2
3/6/2024,Celerio,723,1275704.36,256562979.7,599646.64,13.22,263012377.2,1358141.91,4502.55
3/7/2024,Grand Vitara,905,666131.03,206926369.5,275602.86,9.66,45969216,946417.14,5694.1
3/8/2024,Ignis,351,1003971.61,303008303.9,299062.97,10.7,166339407.3,1995670.45,542.18
3/9/2024,S-Presso,673,1397778.18,171203521.7,516595.52,4.16,113364025.6,1521225.63,-835.87
3/10/2024,Alto,386,684797.67,41992105.96,448275.09,0.01,27637535.99,1112655.02,-8525.73
3/11/2024,Ertiga,81,1284033.39,251288779,326667.86,12.98,106025552.3,1339755.2,27327.41
3/12/2024,Celerio,147,311370.16,366002334.5,817136.02,12.34,388005807.8,1123751.08,2006.77
3/13/2024,Dzire,808,304376.04,147932102.5,507389.77,1.85,95658852.32,1832457.73,9126.16
3/14/2024,Swift,822,1211653.99,144598963.6,672105.66,5.61,69530807.55,1223749.06,-1444.54
3/15/2024,Dzire,240,1213737.1,58949688.45,229809.83,9.92,29377016.79,1735292.56,-4997.31
3/16/2024,Celerio,590,1246772.63,287753921.7,556832.28,9.78,94015128.97,1760264.45,3704.8
3/17/2024,Swift,97,1416032.21,175756784.7,352077.25,12.91,144964949.7,1736498.51,5534.86
3/18/2024,Alto,299,441487.57,20714582.3,550092.93,2.1,4187242.03,1583282.92,-4390.36
3/19/2024,WagonR,275,578381.98,254525599.6,791784.54,6.45,82866717.52,1782316.58,4299.62
3/20/2024,WagonR,321,1384469.9,118618345.5,780467.55,1.46,77646091.53,1080844.37,-4778.3
3/21/2024,Ignis,714,512683.44,363121481.4,386509.64,5.84,162777786.9,671994.81,6979.21
3/22/2024,Baleno,534,1118675.12,70924047.24,709563.26,0.23,98650236.96,1763681.31,5651.65
3/23/2024,WagonR,377,936555.6,596937944.3,944225.45,13.47,236041071.7,1247252.62,-251.2
3/24/2024,Baleno,846,399832.41,151408550.5,644385.86,7.91,85714820.38,691064.05,4869.49
3/25/2024,Swift,229,642316.39,26016786,190989.62,12.75,31337775.89,672968.78,-7153.5
3/26/2024,WagonR,863,924446.66,62909779.83,695723.2,0.9,46497921.17,738863.59,-642.94
3/27/2024,Celerio,714,1322820.14,36351879.77,149659.17,3.41,69099576.84,1626459.89,-864.34
3/28/2024,Alto,795,1149046.19,44615102.58,878504.89,3.89,71737514.23,1566285.01,-3656.57
3/29/2024,Celerio,72,1046259.79,163510719,540827.47,5.8,358713443.4,805728.02,16765.61
3/30/2024,Celerio,979,895239.47,555799180.6,415883.7,12.04,108316350.9,1770385.13,4071.57
3/31/2024,Baleno,655,658420.78,240077235.5,104156.26,5.8,54980075.65,921942.19,10294.99
4/1/2024,XL6,419,443093.89,392143245.6,411744.55,3.07,232272295.3,1689478.37,-1603.68
4/2/2024,XL6,294,790891.24,250983661,908046.33,0.97,172758391,1233208.86,-335.3
4/3/2024,Ertiga,851,334222.19,219973460.5,69933.85,1.19,117489358.2,1597323.02,5798.03
4/4/2024,WagonR,209,553267.07,44851182.7,500915.75,11.4,12229400.45,1072081.49,-3770.82
4/5/2024,Alto,422,818980.05,84720921.73,934600.19,6.67,15800123.26,1020710.9,-337.34
4/6/2024,Alto,334,802326.22,386155172.5,425098.95,10.89,354769234.8,1762039.4,8526.78
4/7/2024,Dzire,570,353154.52,289520914.6,456766.9,10.23,156260660.6,552953.38,-2424.11
4/8/2024,Celerio,499,1006872.18,32702542.26,599632.05,2.03,9464710.1,1962105.42,-5807.06
4/9/2024,Alto,746,959621.11,13468063.99,489790.47,2.14,7789328.83,1472269.34,-9043.76
4/10/2024,Swift,856,393725.16,544534056,210171.61,11.33,256467256.8,1148725.08,1090.91
4/11/2024,S-Presso,696,1431795.66,140507498.9,67627.76,10.82,83271870.21,1442081.8,-535.01
4/12/2024,Celerio,671,419259.33,546490874.6,629321.08,5.67,301331959.5,684111.42,-522.93
4/13/2024,Baleno,630,1325800.98,239953457.4,924766.26,1.16,272193878.4,1271078.68,-853.2
4/14/2024,Grand Vitara,185,300371.68,42079539.61,151045.93,0.18,28914057.56,1977643.29,-537.12
4/15/2024,Celerio,145,1358737.31,26743130.2,250405.08,4.32,24539881.38,852904.16,-4628.92
4/16/2024,Alto,168,323663.68,274506684.2,401718.01,0.14,293203677.7,1583417.15,2949.08
4/17/2024,Ignis,423,1209374.44,70442184.62,818305.12,3.45,185620167.1,1152457.06,4531.17
4/18/2024,Swift,323,734028.97,102813480,305797.3,6.29,102615911.1,1478687.22,-7935.13
4/19/2024,Swift,919,1185860.16,347133975.9,887951.68,1.82,243177819.5,807330.84,1016.41
4/20/2024,WagonR,927,782094.25,264554184.4,102209.98,1.56,213358547.3,1205697.47,-4934.88
4/21/2024,XL6,899,385089.51,411421801.3,943908.79,13.45,353078068.7,1970139.07,12656.04
4/22/2024,Baleno,226,1221008.03,177063368.2,582709.72,8.78,286286896,792930.73,1526.21
4/23/2024,WagonR,922,385503.22,46706746.95,675838.79,14.02,77979401.19,1454667.54,-7368.69
4/24/2024,Ertiga,798,1406544.52,370757637,399305.05,5.19,162582458.5,1363396.62,18055.07
4/25/2024,S-Presso,833,361168.84,126393070.4,792894.57,10.16,308181496.8,1347577.38,16060.67
4/26/2024,Dzire,326,875190.33,41197847.85,208237.94,3.07,22986876.7,1422684.93,-3136.96
4/27/2024,Swift,187,1167641.32,72585064.85,96466.23,9.28,65326556.09,1253356.96,185.65
4/28/2024,Baleno,923,771895.76,30392115.6,425741.1,1.94,20435384.44,525396.13,92.46
4/29/2024,XL6,181,560680.17,53759831.02,861010.93,0.03,40208850.63,1850145.22,-1399.68
4/30/2024,Grand Vitara,93,1210909.15,410943380.5,767180.49,13.97,223918260.9,1740468.24,8709.96
5/1/2024,Baleno,172,1241153.65,79009098.6,541298.17,8.32,65038555.63,761251.52,-3194.68
5/2/2024,Dzire,185,1407233.98,277642652.9,593530.86,13.9,222633955.8,1119909.77,19558.43
5/3/2024,Grand Vitara,416,751398.13,620446439.4,173398.18,5.01,398743563.6,1655823.47,9465.07
5/4/2024,Dzire,422,907502.08,122511838.3,848647.43,4.92,81934912.99,1970093.47,-1008.21
5/5/2024,WagonR,175,735754.13,178394628.6,797611.7,6.01,141105393.8,1926705.57,12230.37
5/6/2024,Celerio,488,608498.19,379113591.4,673646.87,10.59,281932636.8,1849038.8,12115.59
5/7/2024,Ertiga,836,1201239.55,179285886,492881.48,8.49,33789675.26,737560.85,5123.61
5/8/2024,Ertiga,625,707582.21,65833391.44,966236.3,13.88,84821134.94,1871712.66,2860.5
5/9/2024,Alto,857,813779.33,11937754.82,885080.37,0.38,4671515.03,1817667.37,-7266.29
5/10/2024,Ertiga,793,784408.39,83251252.6,662208.97,10.62,52091853.55,1065424.87,-8289.09
5/11/2024,Baleno,100,1155193.47,503126779.4,403210.95,4.95,195192204.9,1091783.89,11273.19
5/12/2024,Ertiga,186,1401354.75,393315117.3,637121.16,2.7,63749744.87,1189863.38,2839.55
5/13/2024,XL6,207,1100107.27,268640603.6,596668.88,7.66,108422354.1,1484263.45,5776.14
5/14/2024,Grand Vitara,105,865899.12,325456360.3,424529.89,7.58,183935758.6,891253.42,21999.17
5/15/2024,Ertiga,642,1235046.14,209498252.3,341340.27,2.06,180330319.9,534422.64,1539.4
5/16/2024,Swift,793,1069165.59,88737204.64,436660.25,3.03,66697921.01,711844.29,-1928.87
5/17/2024,Alto,477,372732.43,320834458,595215.84,6.12,100996874.6,1160173.86,-5520.73
5/18/2024,Grand Vitara,492,414796.3,198969163.9,456728.1,6.13,99909645.98,923003.85,-1126.16
5/19/2024,Baleno,960,345500.33,362055901.5,300395.76,4.76,159399889.6,1646774.84,21432.63
5/20/2024,Dzire,375,848179.59,232623254.6,772915.15,2.23,140462245.3,660035.11,-3863.9
5/21/2024,WagonR,689,1291024.12,19873883.18,554894.12,0.07,12698693.2,1876197.84,-1650.18
5/22/2024,S-Presso,687,675699.8,397366059.4,114291.41,14.55,105307873.7,1842990.77,2916.14
5/23/2024,WagonR,878,760992.22,639014013.8,399900.68,14.15,278622525.8,1863135.23,32939.18
5/24/2024,Celerio,129,1391372.53,16064633.26,890667.78,7.25,5572695.15,1609415,-8434.06
5/25/2024,S-Presso,523,1304284.13,244801879.3,767474.7,14.93,44917167.32,660499.96,-688.12
5/26/2024,XL6,426,1098057.73,472522632.4,357084.44,10.1,204919012.1,1157206.36,14693.16
5/27/2024,Ignis,918,620164.54,83602730.59,941273.99,1.03,102744690.6,697108.06,14823.6
5/28/2024,Alto,968,440449.78,432957972.4,122772.76,1.77,203975954.2,1981548.79,1531.9
5/29/2024,Dzire,382,319270.59,5132447.15,963172.97,13.74,7867095,999557.64,-1927.53
5/30/2024,WagonR,224,428412.81,128631375.3,283419.84,9.45,46114331.26,1377995.81,-671.16
5/31/2024,Ertiga,706,651115.73,24282370.77,58639.47,12.65,17934529.1,1669089.58,-4382.95
6/1/2024,Alto,490,962148.08,29868716.52,462117.63,13.47,45388224.69,1880924.13,-1510.76
6/2/2024,Ertiga,175,376800.1,69503381.77,391021.91,6.72,76627366.96,1633321.59,4146.27
6/3/2024,Alto,743,463473.33,21126048.67,562134.55,0.73,14431671.18,1511755.67,-2323.31
6/4/2024,Alto,268,517296.84,207761234.5,806934.22,2.82,148795871.9,1198972.67,8961.39
6/5/2024,Celerio,997,1058378.51,568998522.8,850309.26,1,120547382.5,1408100.2,11869.48
6/6/2024,Swift,327,1038947.76,136553327.8,431168.5,2.83,160166831.6,641245.71,13914.89
6/7/2024,XL6,534,960918.87,261538730.2,458353.46,6.16,459794506.3,1825883.81,23301.22
6/8/2024,Ertiga,644,600601.71,224455962.3,190768.84,1.77,128518066.5,1315665.96,1446.49
6/9/2024,Ertiga,984,745343.63,512434212.7,95170.23,2.5,277839572.3,560202.58,11280.54
6/10/2024,Ertiga,190,416027.66,424076748.6,659154.24,6.69,107405453,1879853.19,7777.73
6/11/2024,Celerio,895,571752.72,33190021.67,111215.74,5.1,73531178.15,1233952.96,-2604.15
6/12/2024,WagonR,656,1377246.27,304439222.7,747138.61,7.01,154640459.7,1802883.71,2604.2
6/13/2024,Baleno,926,1475630.1,394136310.8,562135.64,6.44,307378786.7,1785331.93,14890.24
6/14/2024,Ertiga,755,1077191.5,105601813.2,238653.83,9.67,22307529.56,1723627.38,-6240.21
6/15/2024,WagonR,159,1400187.95,11879726.13,562546.8,14.06,18530384.93,592104.53,-7743.89
6/16/2024,Swift,101,1071290.28,104030515.8,223847.83,1.62,85845380.1,870599.97,-106.89
6/17/2024,Ertiga,664,339835.78,193593856.4,466800.35,1.49,123716148.6,1813321.81,15533.95
6/18/2024,XL6,662,1496115.1,6050700.36,809582.3,12.79,3666662.86,1848486.58,-8873.87
6/19/2024,Dzire,703,418742.76,95920898.59,488823.33,7.6,44623300.69,1187103.29,4055.82
6/20/2024,Grand Vitara,762,1119170.16,212916172.5,191264.35,11.5,128486004.7,1160062.2,1171.81
6/21/2024,Ignis,368,603403.44,555722296.1,737637.25,3.23,319215988.5,762710.95,6017.43
6/22/2024,Grand Vitara,248,770377.34,259364387.4,227430,12.43,225288800,1952616.18,5734.07
6/23/2024,Ertiga,845,1075121.02,279454040.2,751622.38,13.86,128775423,819707.71,-1094.98
6/24/2024,Baleno,778,823784.82,225136528.8,505384.67,9.53,257514282.1,786405.18,-3607.36
6/25/2024,Grand Vitara,95,600655.27,95371377.94,481054.67,1.59,51672720.42,1491093.46,-6232.26
6/26/2024,Dzire,554,701335.42,263474618.6,858863.29,13.43,139838530.1,864266.45,13166.1
6/27/2024,XL6,589,709857.74,234646755.1,723173.35,11.89,107169345.2,1908157.42,4260.36
6/28/2024,Celerio,563,1451188.69,108308482.7,81265.26,11.26,76250342.84,516360.49,4875.2
6/29/2024,Ignis,944,1258335.62,327658692.9,331365.6,0.55,306036419.9,508629.89,1108.26
6/30/2024,Celerio,66,850258.53,374666785.2,877374.63,11.98,181109443.1,1257315.2,1256.94
7/1/2024,Baleno,364,539785.1,42674756.17,67409.86,2.07,64021066,1232093.69,2758.58
7/2/2024,Ignis,485,1273219.33,444554907.2,567990.77,3.34,120623202.7,745046.03,13955.1
7/3/2024,Baleno,437,488618.97,120219416.6,741434.39,8.66,88775450.5,1241779.34,2578.94
7/4/2024,Celerio,126,552554.66,37202635.02,640763.28,3.97,14297523.06,1117491.66,-6466.87
7/5/2024,XL6,948,739216.07,145363979.9,772505.59,9.92,176398507.5,1835494.29,-5947.87
7/6/2024,Ignis,420,1356417.84,80791372.22,739407.26,9.12,58462633.54,513880.88,252.59
7/7/2024,S-Presso,214,458144,614502164,707429.16,1.62,236296493.5,1964404.71,12899.93
7/8/2024,WagonR,658,446681.03,44058533.96,830462.87,9.84,17459396.87,1436589.15,-3484.32
7/9/2024,XL6,666,892769.99,227498640,663406.14,13.86,213460214.5,727765.17,-1601.16
7/10/2024,Ignis,73,631692.65,112836722.7,432297.57,2.42,196721980.2,570140.02,6243.24
7/11/2024,Baleno,761,982473.53,265933058.9,498313.65,8.96,271170686.3,1307158.49,6543.99
7/12/2024,Baleno,84,841964.02,193381056.9,730888.54,5.13,223081034.9,852335.25,2109.99
7/13/2024,Swift,563,821950.93,203598240.7,882490.73,6.89,51123776.58,951748.31,-451.35
7/14/2024,XL6,850,434367.56,496305402.5,308607.86,4.31,285512634.5,867698.25,3319.18
7/15/2024,Baleno,893,469259.63,47814113.1,374972.96,5.31,19253092.22,1475258.47,-4225.14
7/16/2024,Alto,903,1285294.29,124764779.4,934202.43,0.43,99826412.34,1330293.44,1581.77
7/17/2024,WagonR,510,1363059.29,1377136.81,599586.2,14.72,958290.22,616961.64,-5153.81
7/18/2024,Celerio,187,581620.24,45956776.95,220013.73,9.37,113783930.7,1289789.8,4874.68
7/19/2024,Dzire,898,436152.6,115465526.1,680510.38,7.51,51354269.88,1686784.65,-1006.64
7/20/2024,Swift,623,364100.01,297421230,991224.05,5.76,243893540.3,621791.89,3021.64
7/21/2024,Baleno,860,1029957.14,344636519.1,832280.89,8.09,238949503.1,1834608.46,1861.11
7/22/2024,Alto,758,1158423.86,15108565.47,758454.08,5.7,19278382.29,1367459.97,-1062.21
7/23/2024,Swift,938,747371.99,77791265.21,247644.32,5.4,153941081.2,1925936.7,2189.14
7/24/2024,Alto,620,1115611.04,20374595.4,882332.8,6.96,18481457.34,722211.83,-1250.67
7/25/2024,Swift,314,1155550.58,417011056.4,549499.4,4.14,191312736.3,1990347.5,22913.28
7/26/2024,Baleno,382,1422410.74,76059189.34,894825.52,2.7,36373287.92,1466409.3,4854.42
7/27/2024,Alto,237,377848.37,155063091.3,363336.44,8.35,86420112.2,1351241.3,-678.5
7/28/2024,Grand Vitara,112,530750.07,186629569.4,108948.5,12.64,69008956.22,1272919.44,-6453.6
7/29/2024,Ignis,869,382231.19,403648519.1,502177.17,2.29,113672769.2,535481.56,12056.31
7/30/2024,XL6,328,1341592.72,175382202.3,306345.72,0.49,159973372,1909458.79,26873.69
7/31/2024,Dzire,591,1251104.59,468931671.7,729467.83,3.7,193303069.2,1465991.71,9055.06
8/1/2024,Celerio,220,989570.48,466621148.4,959251.23,14.7,386928486.8,637439.73,17937.79
8/2/2024,Dzire,552,400396.09,112601371.4,706425.44,12.43,105413119.9,531428.26,2296.2
8/3/2024,Celerio,582,627974.83,400367038,892587.23,8.94,177410555.3,576175.46,14948.76
8/4/2024,S-Presso,348,657263.82,149111290.7,480372.81,13.94,290579356.3,1414093.65,13895.21
8/5/2024,WagonR,250,972891.84,297986436,783058.7,6.68,442805660.3,1421023.12,4567.09
8/6/2024,S-Presso,184,609652.67,37211051.5,850891.26,14.75,60350467.84,1249500.94,-2970.44
8/7/2024,Ertiga,321,387551.84,397689544.5,725331.85,4.44,293080355.5,960148.73,-1925.27
8/8/2024,Baleno,584,1176914.76,128671685.4,532388.42,3.6,64383578.35,1297614.1,-925.21
8/9/2024,Ignis,491,658896.25,216937077.4,644572.8,9.57,122987690.3,1274452.73,-2445.69
8/10/2024,XL6,136,842849.01,142517425.7,715481.65,5.67,110822909.4,529123.34,14259.87
8/11/2024,Ignis,80,453199.96,28202363.25,290430.18,9.4,59118045.98,923703.85,-799.42
8/12/2024,Dzire,170,1263057.96,247546867.8,819100.3,4.57,297423847,579778.01,23556.99
8/13/2024,Celerio,118,978638.25,385681300.1,952808.31,9.27,332312429.7,1850232.13,21366.2
8/14/2024,S-Presso,695,1381902.75,5966123.63,491977.35,4.14,7488607.71,1587834.74,-9292.65
8/15/2024,Ignis,932,894565.88,4886228.9,716013.82,0.76,1742866.39,1994172.76,-7566.12
8/16/2024,S-Presso,876,1429710.81,547030114.2,750174.61,13.68,98508827.92,953256.89,14101.78
8/17/2024,WagonR,545,1370241.85,188223867.7,679135.17,13.25,128359147.2,1817728.77,1779.13
8/18/2024,WagonR,973,991751.83,370157245.8,569759.35,14.56,111140940.4,1404581.4,10323.22
8/19/2024,Grand Vitara,195,1420672.13,148798262.3,887565.56,10.75,306415724.5,1179688.11,768.84
8/20/2024,Celerio,382,687706.5,145424617.3,476480.37,10.24,126424472.5,833859.67,12313.3
8/21/2024,Ertiga,530,738770.6,173250636.9,108047.81,8.39,132384440.8,1607588.25,-6223.29
8/22/2024,Ignis,955,354573.54,15711006.79,852328.56,1.89,13258929.12,1856211.12,-7936.08
8/23/2024,XL6,312,1007041.09,212786098,690282.21,2.84,340988031.6,852962.6,10811.08
8/24/2024,S-Presso,342,1166308.76,539090178.2,856795.7,4.34,346301237.8,763085.5,1432.42
8/25/2024,S-Presso,478,1228223.03,655138940.2,181620.07,13.35,458291764.3,1544332.87,34439.25
8/26/2024,WagonR,135,479779.54,7891360.75,79215.29,2.59,17415110.18,1965459.74,-2676.4
8/27/2024,Baleno,65,832990.89,34503477.84,937655.81,13.84,31007952.37,1624932.65,101.68
8/28/2024,Celerio,777,512235.85,662623838.5,190341.89,7.84,162117858.7,926871.11,-3035.6
8/29/2024,S-Presso,677,1094552.82,51973230.37,819169.72,10.73,96870371.12,1129933.14,234.75
8/30/2024,WagonR,167,489535.65,314204306.7,832049.45,1.65,278386047.3,1076476.45,-2055.44
8/31/2024,WagonR,319,1384996.42,564666273.4,723269.94,4.04,142254894.2,1778142.53,16521.35
9/1/2024,Alto,444,576761.57,194550629.1,174699.1,14.38,53433137.53,1657056.17,5129.46
9/2/2024,Grand Vitara,904,649682.72,308106607,684028.69,3.99,113637633.2,1383463.15,1525.59
9/3/2024,S-Presso,211,1321087.59,26746142.18,894632.25,4.45,42626375,912438.67,-4506.33
9/4/2024,Alto,749,850161.13,205065445.3,454255.06,2.96,198544198.6,1906982.79,7788.71
9/5/2024,XL6,153,328795.13,384273590.4,442841.01,1.94,70293979.62,1479972.84,0.59
9/6/2024,XL6,702,893503.5,539485587.2,470715.39,3.5,348284517.4,1955714.97,21862.47
9/7/2024,WagonR,216,401452,272805726.8,128158.3,9.63,171226443.8,1370175.55,1652.2
9/8/2024,Grand Vitara,349,1482413.66,573123489.3,897424.29,6.83,218491453.8,1731789.14,4179.14
9/9/2024,Baleno,77,1005733.88,255402262.9,875723.72,8.31,102165071.9,1719658.07,-3482.43
9/10/2024,Grand Vitara,473,607839.14,503325522.1,998013.86,1.84,198812449,1005993.17,11376.04
9/11/2024,Baleno,833,976461.22,592071414.4,605923.98,12.03,258487935.2,1946031.08,9710.05
9/12/2024,Alto,611,392240.52,325521504.8,763632.05,11.76,136193671.7,532912.2,-444.46
9/13/2024,WagonR,932,1259869.57,40454518.98,242538.31,0.32,27449352.86,1653066.36,-5946.01
9/14/2024,Alto,205,1410393.66,43241725,684152.38,5.75,60592221.33,1948335.63,-4587.83
9/15/2024,Celerio,373,1349333.27,417433020.5,667246.21,1.03,258849159.4,1008362.3,17087.58
9/16/2024,Alto,397,710109.12,241338872.7,906148.3,11.88,121087213,1472165.88,-1000.37
9/17/2024,Ertiga,170,690921.74,213122506.8,839253.09,11.06,203095655.8,1343334.87,6999.21
9/18/2024,S-Presso,701,342105.13,305485198.5,941543.14,13.53,211048424.6,1642260.96,11309.51
9/19/2024,XL6,577,1081680.43,147687321.7,875391.8,3.55,33093448.41,1799266.88,-3148.04
9/20/2024,Swift,870,941885.74,498682616.5,875259.2,6.84,91923234.76,1404566.85,-631.41
9/21/2024,WagonR,999,851215.65,96714813.8,110537.16,2.77,125117594.6,1723856.88,3214.29
9/22/2024,Grand Vitara,610,1389157.14,34528868.53,853663.86,5.57,22761347.29,968428.36,-416.54
9/23/2024,Baleno,213,501454.68,62867260.34,627104.47,7.83,39127823.74,842880.59,-7932.2
9/24/2024,Ignis,111,311599.52,553719832.9,411422.23,0.8,318470440.5,1146001.53,6863.13
9/25/2024,S-Presso,389,387979.74,85557456.61,103688.89,10.72,146270183.1,1516604.9,-4941.3
9/26/2024,Swift,715,568045.73,1087394.17,693790.09,8.15,938631.41,780870.42,-9446.02
9/27/2024,Grand Vitara,361,339942.66,306079202.1,361791.66,12.43,82115023.56,1520528.29,2655.48
9/28/2024,Ertiga,425,903412.45,52264901.41,494387.45,4.08,57679157.68,1091140.47,-1010.25
9/29/2024,Ignis,395,676908.55,624225180.4,697642.02,13.55,115307052.1,1693362.91,-3542.19
9/30/2024,Baleno,199,516579.61,404188307.4,916185.82,14.98,199583581.9,555253.73,8349.84
10/1/2024,Grand Vitara,937,1200100.89,259456158,834165.07,13.79,254681896.3,1501973.96,4057.69
10/2/2024,Ertiga,634,545341.59,4635739.67,478067.27,11.67,7660620.54,1474733.5,-3566.09
10/3/2024,Baleno,630,1125126.12,34767396.4,418394,12.19,46409816.66,1911403.21,-6319.1
10/4/2024,Baleno,226,719117.89,272881057.6,277790.75,8.61,87096508.77,1570051.33,548.42
10/5/2024,WagonR,403,914193.31,10943660.23,403805.41,2.85,4929148.17,1694452.84,-6703.05
10/6/2024,Ignis,563,1420640.45,481979986.6,155494.07,10.16,123328537.2,1856886.52,6036.2
10/7/2024,Grand Vitara,358,344821.96,17688287.23,972550.23,10.69,36560749.18,1512577.88,-6329.35
10/8/2024,Celerio,168,900317.41,281304983.1,595221.57,14.78,76197530.84,935230.45,16243.96
10/9/2024,Alto,568,1325307.55,109211817.4,171415.55,8.12,98637787.56,1804660.7,-2420.85
10/10/2024,Grand Vitara,816,1005569.1,60489617.06,385165.71,4.07,127959645.9,1621367.18,-5150.62
10/11/2024,Alto,965,632244.62,372733639.2,569687.19,10.26,428814940.9,1136656.41,21814.43
10/12/2024,S-Presso,527,777217.36,112962817.5,556241.35,14.69,53461100.35,1565793.76,-4045.31
10/13/2024,Baleno,463,1116318.75,357498430,83728.2,2.66,266939256.4,1801533.32,13821.75
10/14/2024,Grand Vitara,636,1368974.27,151986642.1,953298.98,4.89,29397650.34,1963478.2,1668
10/15/2024,S-Presso,400,349279.65,133869309.5,311606.9,8.13,102769298.5,1928527.26,-615.13
10/16/2024,Ignis,555,385846.59,138767702.5,65375.44,2.55,232735666.3,987991.74,-1891.93
10/17/2024,Baleno,244,690061.83,352048278.9,122621.81,0.33,172478743.8,1132540.57,5890
10/18/2024,Baleno,236,579335.62,450157176,601185.16,5.05,316927151.2,664304.91,8252.21
10/19/2024,Swift,499,617917.06,378628502.3,180896.24,12.98,76302219.82,871316.43,11413.01
10/20/2024,XL6,545,565524,283650705.7,89638.55,0.65,210548537,1823631.81,14360.32
10/21/2024,Alto,564,534990.06,429644994.9,410645.14,6.43,135535633.6,1041274.89,6222.82
10/22/2024,Ignis,745,456748.76,238329352.5,641623.13,11.43,174101011.6,1430828.99,-5420.74
10/23/2024,Ertiga,896,1420744.96,272610095.6,156247.81,14.3,292279139,1498948.43,-1947.05
10/24/2024,Ertiga,322,473027.36,268109680.3,347661.44,14.78,278463677.1,1672743.91,1408.2
10/25/2024,Celerio,929,545284.53,218583660.4,446872.64,6.33,145837708.7,774200.05,369.98
10/26/2024,Grand Vitara,101,595518.87,479493840.1,201487.09,14.26,197674502.5,957219.7,-891.6
10/27/2024,Dzire,312,1419617.85,284192777.6,530770.2,0.53,185061487.8,1172504.51,6657.41
10/28/2024,Ignis,417,1206856.96,459831322.9,130953.38,11.19,168429754.4,1047261.59,6011.71
10/29/2024,Grand Vitara,182,1247639.32,118583046.6,94192.57,9.64,90417298.21,1974357.85,-4039.97
10/30/2024,Dzire,274,425709.91,69804709.85,543843.6,3.74,125472231.2,1752411.2,-3741.01
10/31/2024,Swift,359,1303571.85,27290625.9,285502.12,7.61,9016555.85,1219530.13,-585.61
11/1/2024,Ertiga,622,789831.7,361264889.5,140605.12,1.94,120745396.4,1818902.94,9579.15
11/2/2024,Ignis,926,615387.63,46464843.26,452716.96,13.07,14657137.38,1021479.42,-2268.42
11/3/2024,Baleno,65,990900.1,183298100.5,919383.7,5.37,443964758.3,1678742.49,10453.45
11/4/2024,XL6,790,1286619.49,511333492.1,737982.82,9.39,132502047.2,835513.4,8757.11
11/5/2024,WagonR,244,1234382.58,384942464.4,824835.12,2.38,206765081.6,1658483.07,4536.5
11/6/2024,XL6,812,1367996.98,214611454.3,878318.29,3.09,278036627,1184680.1,-1446.04
11/7/2024,Grand Vitara,492,1413758.62,128812449.5,973996.35,14.88,70758132.83,661248.98,261.16
11/8/2024,Celerio,352,585746.49,77640442.43,775084.24,11.3,52923792.1,909893.68,-3466.82
11/9/2024,Ertiga,97,808629.47,36202288.11,627987.53,14.43,76139673.97,1103411.94,-2544.71
11/10/2024,S-Presso,796,317554.25,458965041.4,397154.59,4.44,120764279.7,1623939.37,495.33
11/11/2024,S-Presso,170,1355185.99,244301849.6,222561.07,2.47,295401128.1,609474.07,7539.98
11/12/2024,WagonR,548,485486.58,192054779.8,702326.88,7.55,63723029.03,1489320.49,-32.89
11/13/2024,Ertiga,881,1333769.77,347368039.1,995202.49,7.42,101425076.8,1574020.46,417.56
11/14/2024,Ignis,611,695264.79,195769156.7,493990.75,2.62,115746948.5,1480882.05,3869.28
11/15/2024,Baleno,518,741760.31,166253811.6,737495.4,11,127308467.4,1641004.46,-5120.22
11/16/2024,Celerio,90,346958.71,299783038.9,520337.83,5.43,305210574.4,767252.92,-1605.9
11/17/2024,S-Presso,505,692254.55,265980639.8,460336.75,2.8,288392000.6,1380655.03,19356.77
11/18/2024,WagonR,583,1366036.42,337075991.7,439790.33,4.98,279846613.2,1911717.42,6630.51
11/19/2024,XL6,420,330656.88,436179734.1,529393.45,8.45,161333047.6,1416176.4,27130.02
11/20/2024,Baleno,231,787592.97,408416739.1,398550.88,10.9,213632274.8,1417004.52,-1247.31
11/21/2024,S-Presso,566,337679.56,537896835,761334.66,7.23,171417072,1604659.46,8668.73
11/22/2024,XL6,706,745108.11,65218111.85,880558.43,7.88,97252657.29,999806.35,-3283.92
11/23/2024,Ignis,918,507168.77,48799893.62,888741.04,2.08,87774219.91,1550713.85,-2412.3
11/24/2024,XL6,639,602662.07,110458827.5,266313.78,13.72,33645396.49,1874350.75,717.86
11/25/2024,Baleno,280,1353118.05,128681235.9,901113.68,13.93,45065634.78,516343.21,2152.57
11/26/2024,XL6,858,823259.06,181432998,374473.67,10.25,115497021.9,1805169.56,-3751.37
11/27/2024,Ignis,397,628557.59,142879240.5,343842.28,0.26,39305040.15,827927.5,-447.33
11/28/2024,Celerio,528,1007206.05,31266061.62,740418.25,8.06,42617299.47,1183884.91,-1028.47
11/29/2024,Baleno,258,470528.35,323159637.6,339461.52,9.44,170882878.4,1778521.7,-1396.83
11/30/2024,Celerio,724,611269.93,138599178.2,100318.09,14.92,205999447,1735868.19,2045.87
12/1/2024,WagonR,729,955497.56,18771780.66,404936.88,14.94,8366769.77,1837891.22,-6169.84
12/2/2024,Ertiga,327,585027.65,156602686.4,735392.32,12.86,146874461.3,1910625.19,2775.85
12/3/2024,XL6,798,1114953.28,36322678.83,360610.5,0.96,7082114.87,1170735.44,-5966.33
12/4/2024,Swift,737,889789.56,396784652.5,648081.1,14.3,381636022.2,1484545.72,28875.33
12/5/2024,Celerio,102,1226386.88,78496314.74,677113.47,9.19,84730543.37,1085717.66,2942.63
12/6/2024,Ignis,910,1437893.44,477855093,747049.21,12.01,437777425.4,1026075.08,1419.95
12/7/2024,S-Presso,59,438965.87,9420642.98,902273.94,6.11,18009210.83,1147393.12,-809.83
12/8/2024,Celerio,707,701598.01,25593972.31,460936.27,4.8,13316819.32,1614614.2,-2775.22
12/9/2024,S-Presso,788,683458.88,4385293.91,208110.47,6.95,11247977.38,1252161.12,-4826.18
12/10/2024,Grand Vitara,797,481419.5,198761648.9,352979.43,2.2,161825898.3,1721089.51,802.43
12/11/2024,XL6,513,1272363.76,129263402.6,460558.89,5.36,72720972.77,1617827.72,17286.68
12/12/2024,WagonR,803,1211854.44,167475011.3,728196.9,12.86,59550656.26,530717.69,6259.03
12/13/2024,Alto,866,881310.57,204412902.1,62466.02,0.57,102024352,1445357.24,3166.6
12/14/2024,Baleno,632,945324.93,84951099.78,349996.11,2.26,53295869.37,1154856.68,-1894.1
12/15/2024,S-Presso,207,371452.97,61291465.41,790850.45,1.88,124382098.8,1184943.48,-490.54
12/16/2024,Grand Vitara,68,966608.82,43816986.65,687314.82,6.05,59767116.69,1727559.58,-3189.85
12/17/2024,Grand Vitara,104,1249609.83,464417464.7,745152.97,14.95,304871088.8,1321411.98,17602.41
12/18/2024,S-Presso,776,988593.09,232145537.4,821220.23,2.6,137395499.5,1828432.74,2695.03
12/19/2024,Grand Vitara,770,618367.64,156510562.2,794073.93,2.18,304291608.3,1569208.39,28827.71
12/20/2024,Baleno,70,1101057.93,365908169.8,698074.01,13.73,117277702.1,1329260.01,20809.04
12/21/2024,Alto,331,733786.12,82805015.79,467678.46,13.23,79041609.73,1631806.96,-3096.47
12/22/2024,XL6,810,953847.94,397408789.6,984418.41,0.48,89261629.49,557523.58,-38.4
12/23/2024,Ignis,589,885078.44,263786399.1,590619.54,11.28,89771386.41,540625.48,1562.5
12/24/2024,Ertiga,984,757410,577037643.9,242630.75,9.83,377452385,625023.99,21016.11
12/25/2024,S-Presso,466,1162653.58,601985044.6,328172.21,11.52,247026523.8,1156347.99,19462.04
12/26/2024,Alto,857,1360651.33,228310325.3,708884.33,7.42,69258270.68,853175.22,-2078.7
12/27/2024,Alto,772,306255.02,286675344.2,928502.59,14.87,75077062.58,1976391.94,-3295.13
12/28/2024,WagonR,334,1420339.82,116310523.1,219784.12,0.66,80517908.27,1313435.21,-8573.18
12/29/2024,S-Presso,581,913818.16,308655327.8,128229.17,3.52,437351255.8,1493623.62,-2482.17
12/30/2024,Grand Vitara,581,1140878.26,226388482.5,887454.5,5.95,147542909,918230.2,-2740.6
12/31/2024,Grand Vitara,560,1326749.48,56062699.72,919514.08,6.75,58119000.42,982695.36,-1660.81
